%YAML 1.1
%TAG !u! tag:unity3d.com,2011:
--- !u!1 &6465553890054885374
GameObject:
  m_ObjectHideFlags: 0
  m_CorrespondingSourceObject: {fileID: 0}
  m_PrefabInstance: {fileID: 0}
  m_PrefabAsset: {fileID: 0}
  serializedVersion: 6
  m_Component:
  - component: {fileID: 52981224547842576}
  - component: {fileID: 4816242230545812490}
  - component: {fileID: 7450913729634295190}
  m_Layer: 0
  m_Name: Hill
  m_TagString: Untagged
  m_Icon: {fileID: 0}
  m_NavMeshLayer: 0
  m_StaticEditorFlags: 0
  m_IsActive: 1
--- !u!4 &52981224547842576
Transform:
  m_ObjectHideFlags: 0
  m_CorrespondingSourceObject: {fileID: 0}
  m_PrefabInstance: {fileID: 0}
  m_PrefabAsset: {fileID: 0}
  m_GameObject: {fileID: 6465553890054885374}
  m_LocalRotation: {x: 0, y: 0, z: 0, w: 1}
  m_LocalPosition: {x: 0, y: 0, z: 0}
  m_LocalScale: {x: 1, y: 1, z: 1}
  m_Children:
  - {fileID: 2491240545625061248}
  - {fileID: 5924516829794755137}
  - {fileID: 1781259241211255224}
  - {fileID: 5330038156607312301}
  - {fileID: 1704508506927015022}
  - {fileID: 4561691437695471235}
  - {fileID: 4769862510323501853}
  m_Father: {fileID: 0}
  m_RootOrder: 0
  m_LocalEulerAnglesHint: {x: 0, y: 0, z: 0}
--- !u!114 &4816242230545812490
MonoBehaviour:
  m_ObjectHideFlags: 0
  m_CorrespondingSourceObject: {fileID: 0}
  m_PrefabInstance: {fileID: 0}
  m_PrefabAsset: {fileID: 0}
  m_GameObject: {fileID: 6465553890054885374}
  m_Enabled: 1
  m_EditorHideFlags: 0
  m_Script: {fileID: 11500000, guid: 4bd2565f5dc46d64792feb806ac1763a, type: 3}
  m_Name: 
  m_EditorClassIdentifier: 
  nextSection:
  - {fileID: 646823073338937920, guid: be6308f787cc675409a134e3378f8f06, type: 3}
  - {fileID: 5534457341074005568, guid: ebd59aa35e623a740b9f666b9b3dd3ea, type: 3}
  - {fileID: 4145885190568685659, guid: d502e02d1cc52fd4789f6f1339adbef3, type: 3}
  - {fileID: 52981224547842576}
  - {fileID: 7007187729928312779, guid: d565dd6a58c2de141b5ba11ce39f2d31, type: 3}
  - {fileID: 5645337851017556884, guid: 0559c9e385b229347a1e4ab3246b268f, type: 3}
  - {fileID: 4108217966934269236, guid: 7019cdee8c859bc4da35de2d15dae55b, type: 3}
  - {fileID: 7333722286171691450, guid: 01fc29135ead97f46bf37a233e5de590, type: 3}
  - {fileID: 1252596496806822771, guid: dc747c2333786ce4cb21241e83c35ef2, type: 3}
  - {fileID: 4190216460644721096, guid: 18fdfc83fb427084798e20758bd03af9, type: 3}
  - {fileID: 4587845075612778601, guid: 71f695abb878a0c4587ccac3b6533859, type: 3}
  - {fileID: 4680214494645375634, guid: 773f349af5caaac46ac0ae018497de21, type: 3}
--- !u!65 &7450913729634295190
BoxCollider:
  m_ObjectHideFlags: 0
  m_CorrespondingSourceObject: {fileID: 0}
  m_PrefabInstance: {fileID: 0}
  m_PrefabAsset: {fileID: 0}
  m_GameObject: {fileID: 6465553890054885374}
  m_Material: {fileID: 0}
  m_IsTrigger: 1
  m_Enabled: 1
  serializedVersion: 2
  m_Size: {x: 1, y: 2.9197187, z: 6.963323}
  m_Center: {x: 0, y: 0.9598594, z: 2.9816616}
--- !u!1001 &1708997698815539024
PrefabInstance:
  m_ObjectHideFlags: 0
  serializedVersion: 2
  m_Modification:
    m_TransformParent: {fileID: 52981224547842576}
    m_Modifications:
    - target: {fileID: 1219471545100730, guid: 1b8fbee291cdc1046a281cb2b3b51bf7, type: 3}
      propertyPath: m_Name
      value: Grass 01 (11)
      objectReference: {fileID: 0}
    - target: {fileID: 4562075604489022, guid: 1b8fbee291cdc1046a281cb2b3b51bf7, type: 3}
      propertyPath: m_LocalPosition.x
      value: 0
      objectReference: {fileID: 0}
    - target: {fileID: 4562075604489022, guid: 1b8fbee291cdc1046a281cb2b3b51bf7, type: 3}
      propertyPath: m_LocalPosition.y
      value: 2
      objectReference: {fileID: 0}
    - target: {fileID: 4562075604489022, guid: 1b8fbee291cdc1046a281cb2b3b51bf7, type: 3}
      propertyPath: m_LocalPosition.z
      value: 4
      objectReference: {fileID: 0}
    - target: {fileID: 4562075604489022, guid: 1b8fbee291cdc1046a281cb2b3b51bf7, type: 3}
      propertyPath: m_LocalRotation.x
      value: -0
      objectReference: {fileID: 0}
    - target: {fileID: 4562075604489022, guid: 1b8fbee291cdc1046a281cb2b3b51bf7, type: 3}
      propertyPath: m_LocalRotation.y
      value: -0
      objectReference: {fileID: 0}
    - target: {fileID: 4562075604489022, guid: 1b8fbee291cdc1046a281cb2b3b51bf7, type: 3}
      propertyPath: m_LocalRotation.z
      value: -0
      objectReference: {fileID: 0}
    - target: {fileID: 4562075604489022, guid: 1b8fbee291cdc1046a281cb2b3b51bf7, type: 3}
      propertyPath: m_LocalRotation.w
      value: 1
      objectReference: {fileID: 0}
    - target: {fileID: 4562075604489022, guid: 1b8fbee291cdc1046a281cb2b3b51bf7, type: 3}
      propertyPath: m_RootOrder
      value: 4
      objectReference: {fileID: 0}
    - target: {fileID: 4562075604489022, guid: 1b8fbee291cdc1046a281cb2b3b51bf7, type: 3}
      propertyPath: m_LocalEulerAnglesHint.x
      value: 0
      objectReference: {fileID: 0}
    - target: {fileID: 4562075604489022, guid: 1b8fbee291cdc1046a281cb2b3b51bf7, type: 3}
      propertyPath: m_LocalEulerAnglesHint.y
      value: 0
      objectReference: {fileID: 0}
    - target: {fileID: 4562075604489022, guid: 1b8fbee291cdc1046a281cb2b3b51bf7, type: 3}
      propertyPath: m_LocalEulerAnglesHint.z
      value: 0
      objectReference: {fileID: 0}
    m_RemovedComponents: []
  m_SourcePrefab: {fileID: 100100000, guid: 1b8fbee291cdc1046a281cb2b3b51bf7, type: 3}
--- !u!4 &1704508506927015022 stripped
Transform:
  m_CorrespondingSourceObject: {fileID: 4562075604489022, guid: 1b8fbee291cdc1046a281cb2b3b51bf7,
    type: 3}
  m_PrefabInstance: {fileID: 1708997698815539024}
  m_PrefabAsset: {fileID: 0}
--- !u!1001 &1776803065360239238
PrefabInstance:
  m_ObjectHideFlags: 0
  serializedVersion: 2
  m_Modification:
    m_TransformParent: {fileID: 52981224547842576}
    m_Modifications:
    - target: {fileID: 1219471545100730, guid: 1b8fbee291cdc1046a281cb2b3b51bf7, type: 3}
      propertyPath: m_Name
      value: Grass 01 (9)
      objectReference: {fileID: 0}
    - target: {fileID: 4562075604489022, guid: 1b8fbee291cdc1046a281cb2b3b51bf7, type: 3}
      propertyPath: m_LocalPosition.x
      value: 0
      objectReference: {fileID: 0}
    - target: {fileID: 4562075604489022, guid: 1b8fbee291cdc1046a281cb2b3b51bf7, type: 3}
      propertyPath: m_LocalPosition.y
      value: 2
      objectReference: {fileID: 0}
    - target: {fileID: 4562075604489022, guid: 1b8fbee291cdc1046a281cb2b3b51bf7, type: 3}
      propertyPath: m_LocalPosition.z
      value: 2
      objectReference: {fileID: 0}
    - target: {fileID: 4562075604489022, guid: 1b8fbee291cdc1046a281cb2b3b51bf7, type: 3}
      propertyPath: m_LocalRotation.x
      value: -0
      objectReference: {fileID: 0}
    - target: {fileID: 4562075604489022, guid: 1b8fbee291cdc1046a281cb2b3b51bf7, type: 3}
      propertyPath: m_LocalRotation.y
      value: -0
      objectReference: {fileID: 0}
    - target: {fileID: 4562075604489022, guid: 1b8fbee291cdc1046a281cb2b3b51bf7, type: 3}
      propertyPath: m_LocalRotation.z
      value: -0
      objectReference: {fileID: 0}
    - target: {fileID: 4562075604489022, guid: 1b8fbee291cdc1046a281cb2b3b51bf7, type: 3}
      propertyPath: m_LocalRotation.w
      value: 1
      objectReference: {fileID: 0}
    - target: {fileID: 4562075604489022, guid: 1b8fbee291cdc1046a281cb2b3b51bf7, type: 3}
      propertyPath: m_RootOrder
      value: 2
      objectReference: {fileID: 0}
    - target: {fileID: 4562075604489022, guid: 1b8fbee291cdc1046a281cb2b3b51bf7, type: 3}
      propertyPath: m_LocalEulerAnglesHint.x
      value: 0
      objectReference: {fileID: 0}
    - target: {fileID: 4562075604489022, guid: 1b8fbee291cdc1046a281cb2b3b51bf7, type: 3}
      propertyPath: m_LocalEulerAnglesHint.y
      value: 0
      objectReference: {fileID: 0}
    - target: {fileID: 4562075604489022, guid: 1b8fbee291cdc1046a281cb2b3b51bf7, type: 3}
      propertyPath: m_LocalEulerAnglesHint.z
      value: 0
      objectReference: {fileID: 0}
    m_RemovedComponents: []
  m_SourcePrefab: {fileID: 100100000, guid: 1b8fbee291cdc1046a281cb2b3b51bf7, type: 3}
--- !u!4 &1781259241211255224 stripped
Transform:
  m_CorrespondingSourceObject: {fileID: 4562075604489022, guid: 1b8fbee291cdc1046a281cb2b3b51bf7,
    type: 3}
  m_PrefabInstance: {fileID: 1776803065360239238}
  m_PrefabAsset: {fileID: 0}
--- !u!1001 &2486725029741470910
PrefabInstance:
  m_ObjectHideFlags: 0
  serializedVersion: 2
  m_Modification:
    m_TransformParent: {fileID: 52981224547842576}
    m_Modifications:
    - target: {fileID: 1219471545100730, guid: 1b8fbee291cdc1046a281cb2b3b51bf7, type: 3}
      propertyPath: m_Name
      value: Grass 01 (7)
      objectReference: {fileID: 0}
    - target: {fileID: 4562075604489022, guid: 1b8fbee291cdc1046a281cb2b3b51bf7, type: 3}
      propertyPath: m_LocalPosition.x
      value: 0
      objectReference: {fileID: 0}
    - target: {fileID: 4562075604489022, guid: 1b8fbee291cdc1046a281cb2b3b51bf7, type: 3}
      propertyPath: m_LocalPosition.y
      value: 0
      objectReference: {fileID: 0}
    - target: {fileID: 4562075604489022, guid: 1b8fbee291cdc1046a281cb2b3b51bf7, type: 3}
      propertyPath: m_LocalPosition.z
      value: 0
      objectReference: {fileID: 0}
    - target: {fileID: 4562075604489022, guid: 1b8fbee291cdc1046a281cb2b3b51bf7, type: 3}
      propertyPath: m_LocalRotation.x
      value: -0
      objectReference: {fileID: 0}
    - target: {fileID: 4562075604489022, guid: 1b8fbee291cdc1046a281cb2b3b51bf7, type: 3}
      propertyPath: m_LocalRotation.y
      value: -0
      objectReference: {fileID: 0}
    - target: {fileID: 4562075604489022, guid: 1b8fbee291cdc1046a281cb2b3b51bf7, type: 3}
      propertyPath: m_LocalRotation.z
      value: -0
      objectReference: {fileID: 0}
    - target: {fileID: 4562075604489022, guid: 1b8fbee291cdc1046a281cb2b3b51bf7, type: 3}
      propertyPath: m_LocalRotation.w
      value: 1
      objectReference: {fileID: 0}
    - target: {fileID: 4562075604489022, guid: 1b8fbee291cdc1046a281cb2b3b51bf7, type: 3}
      propertyPath: m_RootOrder
      value: 0
      objectReference: {fileID: 0}
    - target: {fileID: 4562075604489022, guid: 1b8fbee291cdc1046a281cb2b3b51bf7, type: 3}
      propertyPath: m_LocalEulerAnglesHint.x
      value: 0
      objectReference: {fileID: 0}
    - target: {fileID: 4562075604489022, guid: 1b8fbee291cdc1046a281cb2b3b51bf7, type: 3}
      propertyPath: m_LocalEulerAnglesHint.y
      value: 0
      objectReference: {fileID: 0}
    - target: {fileID: 4562075604489022, guid: 1b8fbee291cdc1046a281cb2b3b51bf7, type: 3}
      propertyPath: m_LocalEulerAnglesHint.z
      value: 0
      objectReference: {fileID: 0}
    m_RemovedComponents: []
  m_SourcePrefab: {fileID: 100100000, guid: 1b8fbee291cdc1046a281cb2b3b51bf7, type: 3}
--- !u!4 &2491240545625061248 stripped
Transform:
  m_CorrespondingSourceObject: {fileID: 4562075604489022, guid: 1b8fbee291cdc1046a281cb2b3b51bf7,
    type: 3}
  m_PrefabInstance: {fileID: 2486725029741470910}
  m_PrefabAsset: {fileID: 0}
--- !u!1001 &4566182864619543997
PrefabInstance:
  m_ObjectHideFlags: 0
  serializedVersion: 2
  m_Modification:
    m_TransformParent: {fileID: 52981224547842576}
    m_Modifications:
    - target: {fileID: 1219471545100730, guid: 1b8fbee291cdc1046a281cb2b3b51bf7, type: 3}
      propertyPath: m_Name
      value: Grass 01 (12)
      objectReference: {fileID: 0}
    - target: {fileID: 4562075604489022, guid: 1b8fbee291cdc1046a281cb2b3b51bf7, type: 3}
      propertyPath: m_LocalPosition.x
      value: 0
      objectReference: {fileID: 0}
    - target: {fileID: 4562075604489022, guid: 1b8fbee291cdc1046a281cb2b3b51bf7, type: 3}
      propertyPath: m_LocalPosition.y
      value: 1
      objectReference: {fileID: 0}
    - target: {fileID: 4562075604489022, guid: 1b8fbee291cdc1046a281cb2b3b51bf7, type: 3}
      propertyPath: m_LocalPosition.z
      value: 5
      objectReference: {fileID: 0}
    - target: {fileID: 4562075604489022, guid: 1b8fbee291cdc1046a281cb2b3b51bf7, type: 3}
      propertyPath: m_LocalRotation.x
      value: -0
      objectReference: {fileID: 0}
    - target: {fileID: 4562075604489022, guid: 1b8fbee291cdc1046a281cb2b3b51bf7, type: 3}
      propertyPath: m_LocalRotation.y
      value: -0
      objectReference: {fileID: 0}
    - target: {fileID: 4562075604489022, guid: 1b8fbee291cdc1046a281cb2b3b51bf7, type: 3}
      propertyPath: m_LocalRotation.z
      value: -0
      objectReference: {fileID: 0}
    - target: {fileID: 4562075604489022, guid: 1b8fbee291cdc1046a281cb2b3b51bf7, type: 3}
      propertyPath: m_LocalRotation.w
      value: 1
      objectReference: {fileID: 0}
    - target: {fileID: 4562075604489022, guid: 1b8fbee291cdc1046a281cb2b3b51bf7, type: 3}
      propertyPath: m_RootOrder
      value: 5
      objectReference: {fileID: 0}
    - target: {fileID: 4562075604489022, guid: 1b8fbee291cdc1046a281cb2b3b51bf7, type: 3}
      propertyPath: m_LocalEulerAnglesHint.x
      value: 0
      objectReference: {fileID: 0}
    - target: {fileID: 4562075604489022, guid: 1b8fbee291cdc1046a281cb2b3b51bf7, type: 3}
      propertyPath: m_LocalEulerAnglesHint.y
      value: 0
      objectReference: {fileID: 0}
    - target: {fileID: 4562075604489022, guid: 1b8fbee291cdc1046a281cb2b3b51bf7, type: 3}
      propertyPath: m_LocalEulerAnglesHint.z
      value: 0
      objectReference: {fileID: 0}
    m_RemovedComponents: []
  m_SourcePrefab: {fileID: 100100000, guid: 1b8fbee291cdc1046a281cb2b3b51bf7, type: 3}
--- !u!4 &4561691437695471235 stripped
Transform:
  m_CorrespondingSourceObject: {fileID: 4562075604489022, guid: 1b8fbee291cdc1046a281cb2b3b51bf7,
    type: 3}
  m_PrefabInstance: {fileID: 4566182864619543997}
  m_PrefabAsset: {fileID: 0}
--- !u!1001 &4765302638727206947
PrefabInstance:
  m_ObjectHideFlags: 0
  serializedVersion: 2
  m_Modification:
    m_TransformParent: {fileID: 52981224547842576}
    m_Modifications:
    - target: {fileID: 1219471545100730, guid: 1b8fbee291cdc1046a281cb2b3b51bf7, type: 3}
      propertyPath: m_Name
      value: Grass 01 (13)
      objectReference: {fileID: 0}
    - target: {fileID: 4562075604489022, guid: 1b8fbee291cdc1046a281cb2b3b51bf7, type: 3}
      propertyPath: m_LocalPosition.x
      value: 0
      objectReference: {fileID: 0}
    - target: {fileID: 4562075604489022, guid: 1b8fbee291cdc1046a281cb2b3b51bf7, type: 3}
      propertyPath: m_LocalPosition.y
      value: 0
      objectReference: {fileID: 0}
    - target: {fileID: 4562075604489022, guid: 1b8fbee291cdc1046a281cb2b3b51bf7, type: 3}
      propertyPath: m_LocalPosition.z
      value: 6
      objectReference: {fileID: 0}
    - target: {fileID: 4562075604489022, guid: 1b8fbee291cdc1046a281cb2b3b51bf7, type: 3}
      propertyPath: m_LocalRotation.x
      value: -0
      objectReference: {fileID: 0}
    - target: {fileID: 4562075604489022, guid: 1b8fbee291cdc1046a281cb2b3b51bf7, type: 3}
      propertyPath: m_LocalRotation.y
      value: -0
      objectReference: {fileID: 0}
    - target: {fileID: 4562075604489022, guid: 1b8fbee291cdc1046a281cb2b3b51bf7, type: 3}
      propertyPath: m_LocalRotation.z
      value: -0
      objectReference: {fileID: 0}
    - target: {fileID: 4562075604489022, guid: 1b8fbee291cdc1046a281cb2b3b51bf7, type: 3}
      propertyPath: m_LocalRotation.w
      value: 1
      objectReference: {fileID: 0}
    - target: {fileID: 4562075604489022, guid: 1b8fbee291cdc1046a281cb2b3b51bf7, type: 3}
      propertyPath: m_RootOrder
      value: 6
      objectReference: {fileID: 0}
    - target: {fileID: 4562075604489022, guid: 1b8fbee291cdc1046a281cb2b3b51bf7, type: 3}
      propertyPath: m_LocalEulerAnglesHint.x
      value: 0
      objectReference: {fileID: 0}
    - target: {fileID: 4562075604489022, guid: 1b8fbee291cdc1046a281cb2b3b51bf7, type: 3}
      propertyPath: m_LocalEulerAnglesHint.y
      value: 0
      objectReference: {fileID: 0}
    - target: {fileID: 4562075604489022, guid: 1b8fbee291cdc1046a281cb2b3b51bf7, type: 3}
      propertyPath: m_LocalEulerAnglesHint.z
      value: 0
      objectReference: {fileID: 0}
    m_RemovedComponents: []
  m_SourcePrefab: {fileID: 100100000, guid: 1b8fbee291cdc1046a281cb2b3b51bf7, type: 3}
--- !u!4 &4769862510323501853 stripped
Transform:
  m_CorrespondingSourceObject: {fileID: 4562075604489022, guid: 1b8fbee291cdc1046a281cb2b3b51bf7,
    type: 3}
  m_PrefabInstance: {fileID: 4765302638727206947}
  m_PrefabAsset: {fileID: 0}
--- !u!1001 &5325555317109637779
PrefabInstance:
  m_ObjectHideFlags: 0
  serializedVersion: 2
  m_Modification:
    m_TransformParent: {fileID: 52981224547842576}
    m_Modifications:
    - target: {fileID: 1219471545100730, guid: 1b8fbee291cdc1046a281cb2b3b51bf7, type: 3}
      propertyPath: m_Name
      value: Grass 01 (10)
      objectReference: {fileID: 0}
    - target: {fileID: 4562075604489022, guid: 1b8fbee291cdc1046a281cb2b3b51bf7, type: 3}
      propertyPath: m_LocalPosition.x
      value: 0
      objectReference: {fileID: 0}
    - target: {fileID: 4562075604489022, guid: 1b8fbee291cdc1046a281cb2b3b51bf7, type: 3}
      propertyPath: m_LocalPosition.y
      value: 2
      objectReference: {fileID: 0}
    - target: {fileID: 4562075604489022, guid: 1b8fbee291cdc1046a281cb2b3b51bf7, type: 3}
      propertyPath: m_LocalPosition.z
      value: 3
      objectReference: {fileID: 0}
    - target: {fileID: 4562075604489022, guid: 1b8fbee291cdc1046a281cb2b3b51bf7, type: 3}
      propertyPath: m_LocalRotation.x
      value: -0
      objectReference: {fileID: 0}
    - target: {fileID: 4562075604489022, guid: 1b8fbee291cdc1046a281cb2b3b51bf7, type: 3}
      propertyPath: m_LocalRotation.y
      value: -0
      objectReference: {fileID: 0}
    - target: {fileID: 4562075604489022, guid: 1b8fbee291cdc1046a281cb2b3b51bf7, type: 3}
      propertyPath: m_LocalRotation.z
      value: -0
      objectReference: {fileID: 0}
    - target: {fileID: 4562075604489022, guid: 1b8fbee291cdc1046a281cb2b3b51bf7, type: 3}
      propertyPath: m_LocalRotation.w
      value: 1
      objectReference: {fileID: 0}
    - target: {fileID: 4562075604489022, guid: 1b8fbee291cdc1046a281cb2b3b51bf7, type: 3}
      propertyPath: m_RootOrder
      value: 3
      objectReference: {fileID: 0}
    - target: {fileID: 4562075604489022, guid: 1b8fbee291cdc1046a281cb2b3b51bf7, type: 3}
      propertyPath: m_LocalEulerAnglesHint.x
      value: 0
      objectReference: {fileID: 0}
    - target: {fileID: 4562075604489022, guid: 1b8fbee291cdc1046a281cb2b3b51bf7, type: 3}
      propertyPath: m_LocalEulerAnglesHint.y
      value: 0
      objectReference: {fileID: 0}
    - target: {fileID: 4562075604489022, guid: 1b8fbee291cdc1046a281cb2b3b51bf7, type: 3}
      propertyPath: m_LocalEulerAnglesHint.z
      value: 0
      objectReference: {fileID: 0}
    m_RemovedComponents: []
  m_SourcePrefab: {fileID: 100100000, guid: 1b8fbee291cdc1046a281cb2b3b51bf7, type: 3}
--- !u!4 &5330038156607312301 stripped
Transform:
  m_CorrespondingSourceObject: {fileID: 4562075604489022, guid: 1b8fbee291cdc1046a281cb2b3b51bf7,
    type: 3}
  m_PrefabInstance: {fileID: 5325555317109637779}
  m_PrefabAsset: {fileID: 0}
--- !u!1001 &5920027357869339007
PrefabInstance:
  m_ObjectHideFlags: 0
  serializedVersion: 2
  m_Modification:
    m_TransformParent: {fileID: 52981224547842576}
    m_Modifications:
    - target: {fileID: 1219471545100730, guid: 1b8fbee291cdc1046a281cb2b3b51bf7, type: 3}
      propertyPath: m_Name
      value: Grass 01 (8)
      objectReference: {fileID: 0}
    - target: {fileID: 4562075604489022, guid: 1b8fbee291cdc1046a281cb2b3b51bf7, type: 3}
      propertyPath: m_LocalPosition.x
      value: 0
      objectReference: {fileID: 0}
    - target: {fileID: 4562075604489022, guid: 1b8fbee291cdc1046a281cb2b3b51bf7, type: 3}
      propertyPath: m_LocalPosition.y
      value: 1
      objectReference: {fileID: 0}
    - target: {fileID: 4562075604489022, guid: 1b8fbee291cdc1046a281cb2b3b51bf7, type: 3}
      propertyPath: m_LocalPosition.z
      value: 1
      objectReference: {fileID: 0}
    - target: {fileID: 4562075604489022, guid: 1b8fbee291cdc1046a281cb2b3b51bf7, type: 3}
      propertyPath: m_LocalRotation.x
      value: -0
      objectReference: {fileID: 0}
    - target: {fileID: 4562075604489022, guid: 1b8fbee291cdc1046a281cb2b3b51bf7, type: 3}
      propertyPath: m_LocalRotation.y
      value: -0
      objectReference: {fileID: 0}
    - target: {fileID: 4562075604489022, guid: 1b8fbee291cdc1046a281cb2b3b51bf7, type: 3}
      propertyPath: m_LocalRotation.z
      value: -0
      objectReference: {fileID: 0}
    - target: {fileID: 4562075604489022, guid: 1b8fbee291cdc1046a281cb2b3b51bf7, type: 3}
      propertyPath: m_LocalRotation.w
      value: 1
      objectReference: {fileID: 0}
    - target: {fileID: 4562075604489022, guid: 1b8fbee291cdc1046a281cb2b3b51bf7, type: 3}
      propertyPath: m_RootOrder
      value: 1
      objectReference: {fileID: 0}
    - target: {fileID: 4562075604489022, guid: 1b8fbee291cdc1046a281cb2b3b51bf7, type: 3}
      propertyPath: m_LocalEulerAnglesHint.x
      value: 0
      objectReference: {fileID: 0}
    - target: {fileID: 4562075604489022, guid: 1b8fbee291cdc1046a281cb2b3b51bf7, type: 3}
      propertyPath: m_LocalEulerAnglesHint.y
      value: 0
      objectReference: {fileID: 0}
    - target: {fileID: 4562075604489022, guid: 1b8fbee291cdc1046a281cb2b3b51bf7, type: 3}
      propertyPath: m_LocalEulerAnglesHint.z
      value: 0
      objectReference: {fileID: 0}
    m_RemovedComponents: []
  m_SourcePrefab: {fileID: 100100000, guid: 1b8fbee291cdc1046a281cb2b3b51bf7, type: 3}
--- !u!4 &5924516829794755137 stripped
Transform:
  m_CorrespondingSourceObject: {fileID: 4562075604489022, guid: 1b8fbee291cdc1046a281cb2b3b51bf7,
    type: 3}
  m_PrefabInstance: {fileID: 5920027357869339007}
  m_PrefabAsset: {fileID: 0}
