%YAML 1.1
%TAG !u! tag:unity3d.com,2011:
--- !u!1 &4190216460644721099
GameObject:
  m_ObjectHideFlags: 0
  m_CorrespondingSourceObject: {fileID: 0}
  m_PrefabInstance: {fileID: 0}
  m_PrefabAsset: {fileID: 0}
  serializedVersion: 6
  m_Component:
  - component: {fileID: 4190216460644721096}
  - component: {fileID: 2720268899394521032}
  - component: {fileID: 7167523863559884956}
  m_Layer: 0
  m_Name: Spike Water Bridge
  m_TagString: Untagged
  m_Icon: {fileID: 0}
  m_NavMeshLayer: 0
  m_StaticEditorFlags: 0
  m_IsActive: 1
--- !u!4 &4190216460644721096
Transform:
  m_ObjectHideFlags: 0
  m_CorrespondingSourceObject: {fileID: 0}
  m_PrefabInstance: {fileID: 0}
  m_PrefabAsset: {fileID: 0}
  m_GameObject: {fileID: 4190216460644721099}
  m_LocalRotation: {x: 0, y: 0, z: 0, w: 1}
  m_LocalPosition: {x: 0, y: 0, z: 0}
  m_LocalScale: {x: 1, y: 1, z: 1}
  m_Children:
  - {fileID: 4190770718697743824}
  - {fileID: 4190770717451145649}
  - {fileID: 4190770719283872056}
  - {fileID: 2169056527895574979}
  - {fileID: 470801845306772288}
  - {fileID: 4966094240834454128}
  - {fileID: 8058761185930179457}
  - {fileID: 4785367446852960896}
  - {fileID: 4522452655654863985}
  - {fileID: 1732427458051976178}
  - {fileID: 7691359544115277108}
  - {fileID: 6552084049949052928}
  - {fileID: 5764013188289147901}
  - {fileID: 5508300744866788422}
  - {fileID: 3344480936253582997}
  - {fileID: 536961928816289700}
  - {fileID: 3690560530376040517}
  m_Father: {fileID: 0}
  m_RootOrder: 0
  m_LocalEulerAnglesHint: {x: 0, y: 0, z: 0}
--- !u!114 &2720268899394521032
MonoBehaviour:
  m_ObjectHideFlags: 0
  m_CorrespondingSourceObject: {fileID: 0}
  m_PrefabInstance: {fileID: 0}
  m_PrefabAsset: {fileID: 0}
  m_GameObject: {fileID: 4190216460644721099}
  m_Enabled: 1
  m_EditorHideFlags: 0
  m_Script: {fileID: 11500000, guid: 4bd2565f5dc46d64792feb806ac1763a, type: 3}
  m_Name: 
  m_EditorClassIdentifier: 
  nextSection:
  - {fileID: 646823073338937920, guid: be6308f787cc675409a134e3378f8f06, type: 3}
  - {fileID: 5534457341074005568, guid: ebd59aa35e623a740b9f666b9b3dd3ea, type: 3}
  - {fileID: 4145885190568685659, guid: d502e02d1cc52fd4789f6f1339adbef3, type: 3}
  - {fileID: 52981224547842576, guid: 57e9d63d60d4e5841aa7e5c6b58fa495, type: 3}
  - {fileID: 7007187729928312779, guid: d565dd6a58c2de141b5ba11ce39f2d31, type: 3}
  - {fileID: 5645337851017556884, guid: 0559c9e385b229347a1e4ab3246b268f, type: 3}
  - {fileID: 4108217966934269236, guid: 7019cdee8c859bc4da35de2d15dae55b, type: 3}
  - {fileID: 7333722286171691450, guid: 01fc29135ead97f46bf37a233e5de590, type: 3}
  - {fileID: 1252596496806822771, guid: dc747c2333786ce4cb21241e83c35ef2, type: 3}
  - {fileID: 4190216460644721096}
  - {fileID: 4587845075612778601, guid: 71f695abb878a0c4587ccac3b6533859, type: 3}
  - {fileID: 4680214494645375634, guid: 773f349af5caaac46ac0ae018497de21, type: 3}
--- !u!65 &7167523863559884956
BoxCollider:
  m_ObjectHideFlags: 0
  m_CorrespondingSourceObject: {fileID: 0}
  m_PrefabInstance: {fileID: 0}
  m_PrefabAsset: {fileID: 0}
  m_GameObject: {fileID: 4190216460644721099}
  m_Material: {fileID: 0}
  m_IsTrigger: 1
  m_Enabled: 1
  serializedVersion: 2
  m_Size: {x: 1, y: 1, z: 6.963323}
  m_Center: {x: 0, y: 0, z: 2.9816616}
--- !u!1001 &470064559700800132
PrefabInstance:
  m_ObjectHideFlags: 0
  serializedVersion: 2
  m_Modification:
    m_TransformParent: {fileID: 4190216460644721096}
    m_Modifications:
    - target: {fileID: 1640771308685042, guid: ff78edb367a079b4a8f8ae2d128c581f, type: 3}
      propertyPath: m_Name
      value: Water 01 (4)
      objectReference: {fileID: 0}
    - target: {fileID: 1640771308685042, guid: ff78edb367a079b4a8f8ae2d128c581f, type: 3}
      propertyPath: m_TagString
      value: Ground
      objectReference: {fileID: 0}
    - target: {fileID: 4115408997890500, guid: ff78edb367a079b4a8f8ae2d128c581f, type: 3}
      propertyPath: m_LocalPosition.x
      value: 0
      objectReference: {fileID: 0}
    - target: {fileID: 4115408997890500, guid: ff78edb367a079b4a8f8ae2d128c581f, type: 3}
      propertyPath: m_LocalPosition.y
      value: 0
      objectReference: {fileID: 0}
    - target: {fileID: 4115408997890500, guid: ff78edb367a079b4a8f8ae2d128c581f, type: 3}
      propertyPath: m_LocalPosition.z
      value: 1
      objectReference: {fileID: 0}
    - target: {fileID: 4115408997890500, guid: ff78edb367a079b4a8f8ae2d128c581f, type: 3}
      propertyPath: m_LocalRotation.x
      value: -0
      objectReference: {fileID: 0}
    - target: {fileID: 4115408997890500, guid: ff78edb367a079b4a8f8ae2d128c581f, type: 3}
      propertyPath: m_LocalRotation.y
      value: -0
      objectReference: {fileID: 0}
    - target: {fileID: 4115408997890500, guid: ff78edb367a079b4a8f8ae2d128c581f, type: 3}
      propertyPath: m_LocalRotation.z
      value: -0
      objectReference: {fileID: 0}
    - target: {fileID: 4115408997890500, guid: ff78edb367a079b4a8f8ae2d128c581f, type: 3}
      propertyPath: m_LocalRotation.w
      value: 1
      objectReference: {fileID: 0}
    - target: {fileID: 4115408997890500, guid: ff78edb367a079b4a8f8ae2d128c581f, type: 3}
      propertyPath: m_RootOrder
      value: 4
      objectReference: {fileID: 0}
    - target: {fileID: 4115408997890500, guid: ff78edb367a079b4a8f8ae2d128c581f, type: 3}
      propertyPath: m_LocalEulerAnglesHint.x
      value: 0
      objectReference: {fileID: 0}
    - target: {fileID: 4115408997890500, guid: ff78edb367a079b4a8f8ae2d128c581f, type: 3}
      propertyPath: m_LocalEulerAnglesHint.y
      value: 0
      objectReference: {fileID: 0}
    - target: {fileID: 4115408997890500, guid: ff78edb367a079b4a8f8ae2d128c581f, type: 3}
      propertyPath: m_LocalEulerAnglesHint.z
      value: 0
      objectReference: {fileID: 0}
    m_RemovedComponents: []
  m_SourcePrefab: {fileID: 100100000, guid: ff78edb367a079b4a8f8ae2d128c581f, type: 3}
--- !u!4 &470801845306772288 stripped
Transform:
  m_CorrespondingSourceObject: {fileID: 4115408997890500, guid: ff78edb367a079b4a8f8ae2d128c581f,
    type: 3}
  m_PrefabInstance: {fileID: 470064559700800132}
  m_PrefabAsset: {fileID: 0}
--- !u!1001 &532021998612020488
PrefabInstance:
  m_ObjectHideFlags: 0
  serializedVersion: 2
  m_Modification:
    m_TransformParent: {fileID: 4190216460644721096}
    m_Modifications:
    - target: {fileID: 1487688346712832, guid: 41b018f12ce178147b4607881dbcdcea, type: 3}
      propertyPath: m_Name
      value: Bridge 01 (7)
      objectReference: {fileID: 0}
    - target: {fileID: 1487688346712832, guid: 41b018f12ce178147b4607881dbcdcea, type: 3}
      propertyPath: m_TagString
      value: Ground
      objectReference: {fileID: 0}
    - target: {fileID: 4982127149357740, guid: 41b018f12ce178147b4607881dbcdcea, type: 3}
      propertyPath: m_LocalPosition.x
      value: 0
      objectReference: {fileID: 0}
    - target: {fileID: 4982127149357740, guid: 41b018f12ce178147b4607881dbcdcea, type: 3}
      propertyPath: m_LocalPosition.y
      value: 0
      objectReference: {fileID: 0}
    - target: {fileID: 4982127149357740, guid: 41b018f12ce178147b4607881dbcdcea, type: 3}
      propertyPath: m_LocalPosition.z
      value: 5
      objectReference: {fileID: 0}
    - target: {fileID: 4982127149357740, guid: 41b018f12ce178147b4607881dbcdcea, type: 3}
      propertyPath: m_LocalRotation.x
      value: -0
      objectReference: {fileID: 0}
    - target: {fileID: 4982127149357740, guid: 41b018f12ce178147b4607881dbcdcea, type: 3}
      propertyPath: m_LocalRotation.y
      value: -0
      objectReference: {fileID: 0}
    - target: {fileID: 4982127149357740, guid: 41b018f12ce178147b4607881dbcdcea, type: 3}
      propertyPath: m_LocalRotation.z
      value: -0
      objectReference: {fileID: 0}
    - target: {fileID: 4982127149357740, guid: 41b018f12ce178147b4607881dbcdcea, type: 3}
      propertyPath: m_LocalRotation.w
      value: 1
      objectReference: {fileID: 0}
    - target: {fileID: 4982127149357740, guid: 41b018f12ce178147b4607881dbcdcea, type: 3}
      propertyPath: m_RootOrder
      value: 15
      objectReference: {fileID: 0}
    - target: {fileID: 4982127149357740, guid: 41b018f12ce178147b4607881dbcdcea, type: 3}
      propertyPath: m_LocalEulerAnglesHint.x
      value: 0
      objectReference: {fileID: 0}
    - target: {fileID: 4982127149357740, guid: 41b018f12ce178147b4607881dbcdcea, type: 3}
      propertyPath: m_LocalEulerAnglesHint.y
      value: 0
      objectReference: {fileID: 0}
    - target: {fileID: 4982127149357740, guid: 41b018f12ce178147b4607881dbcdcea, type: 3}
      propertyPath: m_LocalEulerAnglesHint.z
      value: 0
      objectReference: {fileID: 0}
    m_RemovedComponents: []
  m_SourcePrefab: {fileID: 100100000, guid: 41b018f12ce178147b4607881dbcdcea, type: 3}
--- !u!4 &536961928816289700 stripped
Transform:
  m_CorrespondingSourceObject: {fileID: 4982127149357740, guid: 41b018f12ce178147b4607881dbcdcea,
    type: 3}
  m_PrefabInstance: {fileID: 532021998612020488}
  m_PrefabAsset: {fileID: 0}
--- !u!1001 &1730595471207862838
PrefabInstance:
  m_ObjectHideFlags: 0
  serializedVersion: 2
  m_Modification:
    m_TransformParent: {fileID: 4190216460644721096}
    m_Modifications:
    - target: {fileID: 1640771308685042, guid: ff78edb367a079b4a8f8ae2d128c581f, type: 3}
      propertyPath: m_Name
      value: Water 01 (9)
      objectReference: {fileID: 0}
    - target: {fileID: 1640771308685042, guid: ff78edb367a079b4a8f8ae2d128c581f, type: 3}
      propertyPath: m_TagString
      value: Ground
      objectReference: {fileID: 0}
    - target: {fileID: 4115408997890500, guid: ff78edb367a079b4a8f8ae2d128c581f, type: 3}
      propertyPath: m_LocalPosition.x
      value: 0
      objectReference: {fileID: 0}
    - target: {fileID: 4115408997890500, guid: ff78edb367a079b4a8f8ae2d128c581f, type: 3}
      propertyPath: m_LocalPosition.y
      value: 0
      objectReference: {fileID: 0}
    - target: {fileID: 4115408997890500, guid: ff78edb367a079b4a8f8ae2d128c581f, type: 3}
      propertyPath: m_LocalPosition.z
      value: 6
      objectReference: {fileID: 0}
    - target: {fileID: 4115408997890500, guid: ff78edb367a079b4a8f8ae2d128c581f, type: 3}
      propertyPath: m_LocalRotation.x
      value: -0
      objectReference: {fileID: 0}
    - target: {fileID: 4115408997890500, guid: ff78edb367a079b4a8f8ae2d128c581f, type: 3}
      propertyPath: m_LocalRotation.y
      value: -0
      objectReference: {fileID: 0}
    - target: {fileID: 4115408997890500, guid: ff78edb367a079b4a8f8ae2d128c581f, type: 3}
      propertyPath: m_LocalRotation.z
      value: -0
      objectReference: {fileID: 0}
    - target: {fileID: 4115408997890500, guid: ff78edb367a079b4a8f8ae2d128c581f, type: 3}
      propertyPath: m_LocalRotation.w
      value: 1
      objectReference: {fileID: 0}
    - target: {fileID: 4115408997890500, guid: ff78edb367a079b4a8f8ae2d128c581f, type: 3}
      propertyPath: m_RootOrder
      value: 9
      objectReference: {fileID: 0}
    - target: {fileID: 4115408997890500, guid: ff78edb367a079b4a8f8ae2d128c581f, type: 3}
      propertyPath: m_LocalEulerAnglesHint.x
      value: 0
      objectReference: {fileID: 0}
    - target: {fileID: 4115408997890500, guid: ff78edb367a079b4a8f8ae2d128c581f, type: 3}
      propertyPath: m_LocalEulerAnglesHint.y
      value: 0
      objectReference: {fileID: 0}
    - target: {fileID: 4115408997890500, guid: ff78edb367a079b4a8f8ae2d128c581f, type: 3}
      propertyPath: m_LocalEulerAnglesHint.z
      value: 0
      objectReference: {fileID: 0}
    m_RemovedComponents: []
  m_SourcePrefab: {fileID: 100100000, guid: ff78edb367a079b4a8f8ae2d128c581f, type: 3}
--- !u!4 &1732427458051976178 stripped
Transform:
  m_CorrespondingSourceObject: {fileID: 4115408997890500, guid: ff78edb367a079b4a8f8ae2d128c581f,
    type: 3}
  m_PrefabInstance: {fileID: 1730595471207862838}
  m_PrefabAsset: {fileID: 0}
--- !u!1001 &2167524011869306887
PrefabInstance:
  m_ObjectHideFlags: 0
  serializedVersion: 2
  m_Modification:
    m_TransformParent: {fileID: 4190216460644721096}
    m_Modifications:
    - target: {fileID: 1640771308685042, guid: ff78edb367a079b4a8f8ae2d128c581f, type: 3}
      propertyPath: m_Name
      value: Water 01 (3)
      objectReference: {fileID: 0}
    - target: {fileID: 1640771308685042, guid: ff78edb367a079b4a8f8ae2d128c581f, type: 3}
      propertyPath: m_TagString
      value: Ground
      objectReference: {fileID: 0}
    - target: {fileID: 4115408997890500, guid: ff78edb367a079b4a8f8ae2d128c581f, type: 3}
      propertyPath: m_LocalPosition.x
      value: 0
      objectReference: {fileID: 0}
    - target: {fileID: 4115408997890500, guid: ff78edb367a079b4a8f8ae2d128c581f, type: 3}
      propertyPath: m_LocalPosition.y
      value: 0
      objectReference: {fileID: 0}
    - target: {fileID: 4115408997890500, guid: ff78edb367a079b4a8f8ae2d128c581f, type: 3}
      propertyPath: m_LocalPosition.z
      value: 0
      objectReference: {fileID: 0}
    - target: {fileID: 4115408997890500, guid: ff78edb367a079b4a8f8ae2d128c581f, type: 3}
      propertyPath: m_LocalRotation.x
      value: -0
      objectReference: {fileID: 0}
    - target: {fileID: 4115408997890500, guid: ff78edb367a079b4a8f8ae2d128c581f, type: 3}
      propertyPath: m_LocalRotation.y
      value: -0
      objectReference: {fileID: 0}
    - target: {fileID: 4115408997890500, guid: ff78edb367a079b4a8f8ae2d128c581f, type: 3}
      propertyPath: m_LocalRotation.z
      value: -0
      objectReference: {fileID: 0}
    - target: {fileID: 4115408997890500, guid: ff78edb367a079b4a8f8ae2d128c581f, type: 3}
      propertyPath: m_LocalRotation.w
      value: 1
      objectReference: {fileID: 0}
    - target: {fileID: 4115408997890500, guid: ff78edb367a079b4a8f8ae2d128c581f, type: 3}
      propertyPath: m_RootOrder
      value: 3
      objectReference: {fileID: 0}
    - target: {fileID: 4115408997890500, guid: ff78edb367a079b4a8f8ae2d128c581f, type: 3}
      propertyPath: m_LocalEulerAnglesHint.x
      value: 0
      objectReference: {fileID: 0}
    - target: {fileID: 4115408997890500, guid: ff78edb367a079b4a8f8ae2d128c581f, type: 3}
      propertyPath: m_LocalEulerAnglesHint.y
      value: 0
      objectReference: {fileID: 0}
    - target: {fileID: 4115408997890500, guid: ff78edb367a079b4a8f8ae2d128c581f, type: 3}
      propertyPath: m_LocalEulerAnglesHint.z
      value: 0
      objectReference: {fileID: 0}
    m_RemovedComponents: []
  m_SourcePrefab: {fileID: 100100000, guid: ff78edb367a079b4a8f8ae2d128c581f, type: 3}
--- !u!4 &2169056527895574979 stripped
Transform:
  m_CorrespondingSourceObject: {fileID: 4115408997890500, guid: ff78edb367a079b4a8f8ae2d128c581f,
    type: 3}
  m_PrefabInstance: {fileID: 2167524011869306887}
  m_PrefabAsset: {fileID: 0}
--- !u!1001 &3348506066760725561
PrefabInstance:
  m_ObjectHideFlags: 0
  serializedVersion: 2
  m_Modification:
    m_TransformParent: {fileID: 4190216460644721096}
    m_Modifications:
    - target: {fileID: 1487688346712832, guid: 41b018f12ce178147b4607881dbcdcea, type: 3}
      propertyPath: m_Name
      value: Bridge 01 (6)
      objectReference: {fileID: 0}
    - target: {fileID: 1487688346712832, guid: 41b018f12ce178147b4607881dbcdcea, type: 3}
      propertyPath: m_TagString
      value: Ground
      objectReference: {fileID: 0}
    - target: {fileID: 4982127149357740, guid: 41b018f12ce178147b4607881dbcdcea, type: 3}
      propertyPath: m_LocalPosition.x
      value: 0
      objectReference: {fileID: 0}
    - target: {fileID: 4982127149357740, guid: 41b018f12ce178147b4607881dbcdcea, type: 3}
      propertyPath: m_LocalPosition.y
      value: 0
      objectReference: {fileID: 0}
    - target: {fileID: 4982127149357740, guid: 41b018f12ce178147b4607881dbcdcea, type: 3}
      propertyPath: m_LocalPosition.z
      value: 4
      objectReference: {fileID: 0}
    - target: {fileID: 4982127149357740, guid: 41b018f12ce178147b4607881dbcdcea, type: 3}
      propertyPath: m_LocalRotation.x
      value: -0
      objectReference: {fileID: 0}
    - target: {fileID: 4982127149357740, guid: 41b018f12ce178147b4607881dbcdcea, type: 3}
      propertyPath: m_LocalRotation.y
      value: -0
      objectReference: {fileID: 0}
    - target: {fileID: 4982127149357740, guid: 41b018f12ce178147b4607881dbcdcea, type: 3}
      propertyPath: m_LocalRotation.z
      value: -0
      objectReference: {fileID: 0}
    - target: {fileID: 4982127149357740, guid: 41b018f12ce178147b4607881dbcdcea, type: 3}
      propertyPath: m_LocalRotation.w
      value: 1
      objectReference: {fileID: 0}
    - target: {fileID: 4982127149357740, guid: 41b018f12ce178147b4607881dbcdcea, type: 3}
      propertyPath: m_RootOrder
      value: 14
      objectReference: {fileID: 0}
    - target: {fileID: 4982127149357740, guid: 41b018f12ce178147b4607881dbcdcea, type: 3}
      propertyPath: m_LocalEulerAnglesHint.x
      value: 0
      objectReference: {fileID: 0}
    - target: {fileID: 4982127149357740, guid: 41b018f12ce178147b4607881dbcdcea, type: 3}
      propertyPath: m_LocalEulerAnglesHint.y
      value: 0
      objectReference: {fileID: 0}
    - target: {fileID: 4982127149357740, guid: 41b018f12ce178147b4607881dbcdcea, type: 3}
      propertyPath: m_LocalEulerAnglesHint.z
      value: 0
      objectReference: {fileID: 0}
    m_RemovedComponents: []
  m_SourcePrefab: {fileID: 100100000, guid: 41b018f12ce178147b4607881dbcdcea, type: 3}
--- !u!4 &3344480936253582997 stripped
Transform:
  m_CorrespondingSourceObject: {fileID: 4982127149357740, guid: 41b018f12ce178147b4607881dbcdcea,
    type: 3}
  m_PrefabInstance: {fileID: 3348506066760725561}
  m_PrefabAsset: {fileID: 0}
--- !u!1001 &3685688356698766057
PrefabInstance:
  m_ObjectHideFlags: 0
  serializedVersion: 2
  m_Modification:
    m_TransformParent: {fileID: 4190216460644721096}
    m_Modifications:
    - target: {fileID: 1487688346712832, guid: 41b018f12ce178147b4607881dbcdcea, type: 3}
      propertyPath: m_Name
      value: Bridge 01 (8)
      objectReference: {fileID: 0}
    - target: {fileID: 1487688346712832, guid: 41b018f12ce178147b4607881dbcdcea, type: 3}
      propertyPath: m_TagString
      value: Ground
      objectReference: {fileID: 0}
    - target: {fileID: 4982127149357740, guid: 41b018f12ce178147b4607881dbcdcea, type: 3}
      propertyPath: m_LocalPosition.x
      value: 0
      objectReference: {fileID: 0}
    - target: {fileID: 4982127149357740, guid: 41b018f12ce178147b4607881dbcdcea, type: 3}
      propertyPath: m_LocalPosition.y
      value: 0
      objectReference: {fileID: 0}
    - target: {fileID: 4982127149357740, guid: 41b018f12ce178147b4607881dbcdcea, type: 3}
      propertyPath: m_LocalPosition.z
      value: 6
      objectReference: {fileID: 0}
    - target: {fileID: 4982127149357740, guid: 41b018f12ce178147b4607881dbcdcea, type: 3}
      propertyPath: m_LocalRotation.x
      value: -0
      objectReference: {fileID: 0}
    - target: {fileID: 4982127149357740, guid: 41b018f12ce178147b4607881dbcdcea, type: 3}
      propertyPath: m_LocalRotation.y
      value: -0
      objectReference: {fileID: 0}
    - target: {fileID: 4982127149357740, guid: 41b018f12ce178147b4607881dbcdcea, type: 3}
      propertyPath: m_LocalRotation.z
      value: -0
      objectReference: {fileID: 0}
    - target: {fileID: 4982127149357740, guid: 41b018f12ce178147b4607881dbcdcea, type: 3}
      propertyPath: m_LocalRotation.w
      value: 1
      objectReference: {fileID: 0}
    - target: {fileID: 4982127149357740, guid: 41b018f12ce178147b4607881dbcdcea, type: 3}
      propertyPath: m_RootOrder
      value: 16
      objectReference: {fileID: 0}
    - target: {fileID: 4982127149357740, guid: 41b018f12ce178147b4607881dbcdcea, type: 3}
      propertyPath: m_LocalEulerAnglesHint.x
      value: 0
      objectReference: {fileID: 0}
    - target: {fileID: 4982127149357740, guid: 41b018f12ce178147b4607881dbcdcea, type: 3}
      propertyPath: m_LocalEulerAnglesHint.y
      value: 0
      objectReference: {fileID: 0}
    - target: {fileID: 4982127149357740, guid: 41b018f12ce178147b4607881dbcdcea, type: 3}
      propertyPath: m_LocalEulerAnglesHint.z
      value: 0
      objectReference: {fileID: 0}
    m_RemovedComponents: []
  m_SourcePrefab: {fileID: 100100000, guid: 41b018f12ce178147b4607881dbcdcea, type: 3}
--- !u!4 &3690560530376040517 stripped
Transform:
  m_CorrespondingSourceObject: {fileID: 4982127149357740, guid: 41b018f12ce178147b4607881dbcdcea,
    type: 3}
  m_PrefabInstance: {fileID: 3685688356698766057}
  m_PrefabAsset: {fileID: 0}
--- !u!1001 &4190216460494424039
PrefabInstance:
  m_ObjectHideFlags: 0
  serializedVersion: 2
  m_Modification:
    m_TransformParent: {fileID: 4190216460644721096}
    m_Modifications:
    - target: {fileID: 1779254397466754, guid: eb3f51c9e4e6faa45b78a8c2a6e0c16d, type: 3}
      propertyPath: m_Name
      value: Trap 01 (12)
      objectReference: {fileID: 0}
    - target: {fileID: 4002669119870550, guid: eb3f51c9e4e6faa45b78a8c2a6e0c16d, type: 3}
      propertyPath: m_LocalPosition.x
      value: 0
      objectReference: {fileID: 0}
    - target: {fileID: 4002669119870550, guid: eb3f51c9e4e6faa45b78a8c2a6e0c16d, type: 3}
      propertyPath: m_LocalPosition.y
      value: 0
      objectReference: {fileID: 0}
    - target: {fileID: 4002669119870550, guid: eb3f51c9e4e6faa45b78a8c2a6e0c16d, type: 3}
      propertyPath: m_LocalPosition.z
      value: 3
      objectReference: {fileID: 0}
    - target: {fileID: 4002669119870550, guid: eb3f51c9e4e6faa45b78a8c2a6e0c16d, type: 3}
      propertyPath: m_LocalRotation.x
      value: -0
      objectReference: {fileID: 0}
    - target: {fileID: 4002669119870550, guid: eb3f51c9e4e6faa45b78a8c2a6e0c16d, type: 3}
      propertyPath: m_LocalRotation.y
      value: -0
      objectReference: {fileID: 0}
    - target: {fileID: 4002669119870550, guid: eb3f51c9e4e6faa45b78a8c2a6e0c16d, type: 3}
      propertyPath: m_LocalRotation.z
      value: -0
      objectReference: {fileID: 0}
    - target: {fileID: 4002669119870550, guid: eb3f51c9e4e6faa45b78a8c2a6e0c16d, type: 3}
      propertyPath: m_LocalRotation.w
      value: 1
      objectReference: {fileID: 0}
    - target: {fileID: 4002669119870550, guid: eb3f51c9e4e6faa45b78a8c2a6e0c16d, type: 3}
      propertyPath: m_RootOrder
      value: 1
      objectReference: {fileID: 0}
    - target: {fileID: 4002669119870550, guid: eb3f51c9e4e6faa45b78a8c2a6e0c16d, type: 3}
      propertyPath: m_LocalEulerAnglesHint.x
      value: 0
      objectReference: {fileID: 0}
    - target: {fileID: 4002669119870550, guid: eb3f51c9e4e6faa45b78a8c2a6e0c16d, type: 3}
      propertyPath: m_LocalEulerAnglesHint.y
      value: 0
      objectReference: {fileID: 0}
    - target: {fileID: 4002669119870550, guid: eb3f51c9e4e6faa45b78a8c2a6e0c16d, type: 3}
      propertyPath: m_LocalEulerAnglesHint.z
      value: 0
      objectReference: {fileID: 0}
    - target: {fileID: 4002669119870550, guid: eb3f51c9e4e6faa45b78a8c2a6e0c16d, type: 3}
      propertyPath: m_LocalScale.y
      value: 0.75
      objectReference: {fileID: 0}
    - target: {fileID: 4002669119870550, guid: eb3f51c9e4e6faa45b78a8c2a6e0c16d, type: 3}
      propertyPath: m_LocalScale.x
      value: 0.75
      objectReference: {fileID: 0}
    - target: {fileID: 4002669119870550, guid: eb3f51c9e4e6faa45b78a8c2a6e0c16d, type: 3}
      propertyPath: m_LocalScale.z
      value: 0.75
      objectReference: {fileID: 0}
    m_RemovedComponents: []
  m_SourcePrefab: {fileID: 100100000, guid: eb3f51c9e4e6faa45b78a8c2a6e0c16d, type: 3}
--- !u!4 &4190770717451145649 stripped
Transform:
  m_CorrespondingSourceObject: {fileID: 4002669119870550, guid: eb3f51c9e4e6faa45b78a8c2a6e0c16d,
    type: 3}
  m_PrefabInstance: {fileID: 4190216460494424039}
  m_PrefabAsset: {fileID: 0}
--- !u!1001 &4190216461641151366
PrefabInstance:
  m_ObjectHideFlags: 0
  serializedVersion: 2
  m_Modification:
    m_TransformParent: {fileID: 4190216460644721096}
    m_Modifications:
    - target: {fileID: 1779254397466754, guid: eb3f51c9e4e6faa45b78a8c2a6e0c16d, type: 3}
      propertyPath: m_Name
      value: Trap 01 (12)
      objectReference: {fileID: 0}
    - target: {fileID: 4002669119870550, guid: eb3f51c9e4e6faa45b78a8c2a6e0c16d, type: 3}
      propertyPath: m_LocalPosition.x
      value: 0
      objectReference: {fileID: 0}
    - target: {fileID: 4002669119870550, guid: eb3f51c9e4e6faa45b78a8c2a6e0c16d, type: 3}
      propertyPath: m_LocalPosition.y
      value: 0
      objectReference: {fileID: 0}
    - target: {fileID: 4002669119870550, guid: eb3f51c9e4e6faa45b78a8c2a6e0c16d, type: 3}
      propertyPath: m_LocalPosition.z
      value: 1
      objectReference: {fileID: 0}
    - target: {fileID: 4002669119870550, guid: eb3f51c9e4e6faa45b78a8c2a6e0c16d, type: 3}
      propertyPath: m_LocalRotation.x
      value: -0
      objectReference: {fileID: 0}
    - target: {fileID: 4002669119870550, guid: eb3f51c9e4e6faa45b78a8c2a6e0c16d, type: 3}
      propertyPath: m_LocalRotation.y
      value: -0
      objectReference: {fileID: 0}
    - target: {fileID: 4002669119870550, guid: eb3f51c9e4e6faa45b78a8c2a6e0c16d, type: 3}
      propertyPath: m_LocalRotation.z
      value: -0
      objectReference: {fileID: 0}
    - target: {fileID: 4002669119870550, guid: eb3f51c9e4e6faa45b78a8c2a6e0c16d, type: 3}
      propertyPath: m_LocalRotation.w
      value: 1
      objectReference: {fileID: 0}
    - target: {fileID: 4002669119870550, guid: eb3f51c9e4e6faa45b78a8c2a6e0c16d, type: 3}
      propertyPath: m_RootOrder
      value: 0
      objectReference: {fileID: 0}
    - target: {fileID: 4002669119870550, guid: eb3f51c9e4e6faa45b78a8c2a6e0c16d, type: 3}
      propertyPath: m_LocalEulerAnglesHint.x
      value: 0
      objectReference: {fileID: 0}
    - target: {fileID: 4002669119870550, guid: eb3f51c9e4e6faa45b78a8c2a6e0c16d, type: 3}
      propertyPath: m_LocalEulerAnglesHint.y
      value: 0
      objectReference: {fileID: 0}
    - target: {fileID: 4002669119870550, guid: eb3f51c9e4e6faa45b78a8c2a6e0c16d, type: 3}
      propertyPath: m_LocalEulerAnglesHint.z
      value: 0
      objectReference: {fileID: 0}
    - target: {fileID: 4002669119870550, guid: eb3f51c9e4e6faa45b78a8c2a6e0c16d, type: 3}
      propertyPath: m_LocalScale.y
      value: 0.75
      objectReference: {fileID: 0}
    - target: {fileID: 4002669119870550, guid: eb3f51c9e4e6faa45b78a8c2a6e0c16d, type: 3}
      propertyPath: m_LocalScale.x
      value: 0.75
      objectReference: {fileID: 0}
    - target: {fileID: 4002669119870550, guid: eb3f51c9e4e6faa45b78a8c2a6e0c16d, type: 3}
      propertyPath: m_LocalScale.z
      value: 0.75
      objectReference: {fileID: 0}
    m_RemovedComponents: []
  m_SourcePrefab: {fileID: 100100000, guid: eb3f51c9e4e6faa45b78a8c2a6e0c16d, type: 3}
--- !u!4 &4190770718697743824 stripped
Transform:
  m_CorrespondingSourceObject: {fileID: 4002669119870550, guid: eb3f51c9e4e6faa45b78a8c2a6e0c16d,
    type: 3}
  m_PrefabInstance: {fileID: 4190216461641151366}
  m_PrefabAsset: {fileID: 0}
--- !u!1001 &4190216462395053934
PrefabInstance:
  m_ObjectHideFlags: 0
  serializedVersion: 2
  m_Modification:
    m_TransformParent: {fileID: 4190216460644721096}
    m_Modifications:
    - target: {fileID: 1779254397466754, guid: eb3f51c9e4e6faa45b78a8c2a6e0c16d, type: 3}
      propertyPath: m_Name
      value: Trap 01 (12)
      objectReference: {fileID: 0}
    - target: {fileID: 4002669119870550, guid: eb3f51c9e4e6faa45b78a8c2a6e0c16d, type: 3}
      propertyPath: m_LocalPosition.x
      value: 0
      objectReference: {fileID: 0}
    - target: {fileID: 4002669119870550, guid: eb3f51c9e4e6faa45b78a8c2a6e0c16d, type: 3}
      propertyPath: m_LocalPosition.y
      value: 0
      objectReference: {fileID: 0}
    - target: {fileID: 4002669119870550, guid: eb3f51c9e4e6faa45b78a8c2a6e0c16d, type: 3}
      propertyPath: m_LocalPosition.z
      value: 5
      objectReference: {fileID: 0}
    - target: {fileID: 4002669119870550, guid: eb3f51c9e4e6faa45b78a8c2a6e0c16d, type: 3}
      propertyPath: m_LocalRotation.x
      value: -0
      objectReference: {fileID: 0}
    - target: {fileID: 4002669119870550, guid: eb3f51c9e4e6faa45b78a8c2a6e0c16d, type: 3}
      propertyPath: m_LocalRotation.y
      value: -0
      objectReference: {fileID: 0}
    - target: {fileID: 4002669119870550, guid: eb3f51c9e4e6faa45b78a8c2a6e0c16d, type: 3}
      propertyPath: m_LocalRotation.z
      value: -0
      objectReference: {fileID: 0}
    - target: {fileID: 4002669119870550, guid: eb3f51c9e4e6faa45b78a8c2a6e0c16d, type: 3}
      propertyPath: m_LocalRotation.w
      value: 1
      objectReference: {fileID: 0}
    - target: {fileID: 4002669119870550, guid: eb3f51c9e4e6faa45b78a8c2a6e0c16d, type: 3}
      propertyPath: m_RootOrder
      value: 2
      objectReference: {fileID: 0}
    - target: {fileID: 4002669119870550, guid: eb3f51c9e4e6faa45b78a8c2a6e0c16d, type: 3}
      propertyPath: m_LocalEulerAnglesHint.x
      value: 0
      objectReference: {fileID: 0}
    - target: {fileID: 4002669119870550, guid: eb3f51c9e4e6faa45b78a8c2a6e0c16d, type: 3}
      propertyPath: m_LocalEulerAnglesHint.y
      value: 0
      objectReference: {fileID: 0}
    - target: {fileID: 4002669119870550, guid: eb3f51c9e4e6faa45b78a8c2a6e0c16d, type: 3}
      propertyPath: m_LocalEulerAnglesHint.z
      value: 0
      objectReference: {fileID: 0}
    - target: {fileID: 4002669119870550, guid: eb3f51c9e4e6faa45b78a8c2a6e0c16d, type: 3}
      propertyPath: m_LocalScale.y
      value: 0.75
      objectReference: {fileID: 0}
    - target: {fileID: 4002669119870550, guid: eb3f51c9e4e6faa45b78a8c2a6e0c16d, type: 3}
      propertyPath: m_LocalScale.x
      value: 0.75
      objectReference: {fileID: 0}
    - target: {fileID: 4002669119870550, guid: eb3f51c9e4e6faa45b78a8c2a6e0c16d, type: 3}
      propertyPath: m_LocalScale.z
      value: 0.75
      objectReference: {fileID: 0}
    m_RemovedComponents: []
  m_SourcePrefab: {fileID: 100100000, guid: eb3f51c9e4e6faa45b78a8c2a6e0c16d, type: 3}
--- !u!4 &4190770719283872056 stripped
Transform:
  m_CorrespondingSourceObject: {fileID: 4002669119870550, guid: eb3f51c9e4e6faa45b78a8c2a6e0c16d,
    type: 3}
  m_PrefabInstance: {fileID: 4190216462395053934}
  m_PrefabAsset: {fileID: 0}
--- !u!1001 &4525102002756664757
PrefabInstance:
  m_ObjectHideFlags: 0
  serializedVersion: 2
  m_Modification:
    m_TransformParent: {fileID: 4190216460644721096}
    m_Modifications:
    - target: {fileID: 1640771308685042, guid: ff78edb367a079b4a8f8ae2d128c581f, type: 3}
      propertyPath: m_Name
      value: Water 01 (8)
      objectReference: {fileID: 0}
    - target: {fileID: 1640771308685042, guid: ff78edb367a079b4a8f8ae2d128c581f, type: 3}
      propertyPath: m_TagString
      value: Ground
      objectReference: {fileID: 0}
    - target: {fileID: 4115408997890500, guid: ff78edb367a079b4a8f8ae2d128c581f, type: 3}
      propertyPath: m_LocalPosition.x
      value: 0
      objectReference: {fileID: 0}
    - target: {fileID: 4115408997890500, guid: ff78edb367a079b4a8f8ae2d128c581f, type: 3}
      propertyPath: m_LocalPosition.y
      value: 0
      objectReference: {fileID: 0}
    - target: {fileID: 4115408997890500, guid: ff78edb367a079b4a8f8ae2d128c581f, type: 3}
      propertyPath: m_LocalPosition.z
      value: 5
      objectReference: {fileID: 0}
    - target: {fileID: 4115408997890500, guid: ff78edb367a079b4a8f8ae2d128c581f, type: 3}
      propertyPath: m_LocalRotation.x
      value: -0
      objectReference: {fileID: 0}
    - target: {fileID: 4115408997890500, guid: ff78edb367a079b4a8f8ae2d128c581f, type: 3}
      propertyPath: m_LocalRotation.y
      value: -0
      objectReference: {fileID: 0}
    - target: {fileID: 4115408997890500, guid: ff78edb367a079b4a8f8ae2d128c581f, type: 3}
      propertyPath: m_LocalRotation.z
      value: -0
      objectReference: {fileID: 0}
    - target: {fileID: 4115408997890500, guid: ff78edb367a079b4a8f8ae2d128c581f, type: 3}
      propertyPath: m_LocalRotation.w
      value: 1
      objectReference: {fileID: 0}
    - target: {fileID: 4115408997890500, guid: ff78edb367a079b4a8f8ae2d128c581f, type: 3}
      propertyPath: m_RootOrder
      value: 8
      objectReference: {fileID: 0}
    - target: {fileID: 4115408997890500, guid: ff78edb367a079b4a8f8ae2d128c581f, type: 3}
      propertyPath: m_LocalEulerAnglesHint.x
      value: 0
      objectReference: {fileID: 0}
    - target: {fileID: 4115408997890500, guid: ff78edb367a079b4a8f8ae2d128c581f, type: 3}
      propertyPath: m_LocalEulerAnglesHint.y
      value: 0
      objectReference: {fileID: 0}
    - target: {fileID: 4115408997890500, guid: ff78edb367a079b4a8f8ae2d128c581f, type: 3}
      propertyPath: m_LocalEulerAnglesHint.z
      value: 0
      objectReference: {fileID: 0}
    m_RemovedComponents: []
  m_SourcePrefab: {fileID: 100100000, guid: ff78edb367a079b4a8f8ae2d128c581f, type: 3}
--- !u!4 &4522452655654863985 stripped
Transform:
  m_CorrespondingSourceObject: {fileID: 4115408997890500, guid: ff78edb367a079b4a8f8ae2d128c581f,
    type: 3}
  m_PrefabInstance: {fileID: 4525102002756664757}
  m_PrefabAsset: {fileID: 0}
--- !u!1001 &4784956576602471236
PrefabInstance:
  m_ObjectHideFlags: 0
  serializedVersion: 2
  m_Modification:
    m_TransformParent: {fileID: 4190216460644721096}
    m_Modifications:
    - target: {fileID: 1640771308685042, guid: ff78edb367a079b4a8f8ae2d128c581f, type: 3}
      propertyPath: m_Name
      value: Water 01 (7)
      objectReference: {fileID: 0}
    - target: {fileID: 1640771308685042, guid: ff78edb367a079b4a8f8ae2d128c581f, type: 3}
      propertyPath: m_TagString
      value: Ground
      objectReference: {fileID: 0}
    - target: {fileID: 4115408997890500, guid: ff78edb367a079b4a8f8ae2d128c581f, type: 3}
      propertyPath: m_LocalPosition.x
      value: 0
      objectReference: {fileID: 0}
    - target: {fileID: 4115408997890500, guid: ff78edb367a079b4a8f8ae2d128c581f, type: 3}
      propertyPath: m_LocalPosition.y
      value: 0
      objectReference: {fileID: 0}
    - target: {fileID: 4115408997890500, guid: ff78edb367a079b4a8f8ae2d128c581f, type: 3}
      propertyPath: m_LocalPosition.z
      value: 4
      objectReference: {fileID: 0}
    - target: {fileID: 4115408997890500, guid: ff78edb367a079b4a8f8ae2d128c581f, type: 3}
      propertyPath: m_LocalRotation.x
      value: -0
      objectReference: {fileID: 0}
    - target: {fileID: 4115408997890500, guid: ff78edb367a079b4a8f8ae2d128c581f, type: 3}
      propertyPath: m_LocalRotation.y
      value: -0
      objectReference: {fileID: 0}
    - target: {fileID: 4115408997890500, guid: ff78edb367a079b4a8f8ae2d128c581f, type: 3}
      propertyPath: m_LocalRotation.z
      value: -0
      objectReference: {fileID: 0}
    - target: {fileID: 4115408997890500, guid: ff78edb367a079b4a8f8ae2d128c581f, type: 3}
      propertyPath: m_LocalRotation.w
      value: 1
      objectReference: {fileID: 0}
    - target: {fileID: 4115408997890500, guid: ff78edb367a079b4a8f8ae2d128c581f, type: 3}
      propertyPath: m_RootOrder
      value: 7
      objectReference: {fileID: 0}
    - target: {fileID: 4115408997890500, guid: ff78edb367a079b4a8f8ae2d128c581f, type: 3}
      propertyPath: m_LocalEulerAnglesHint.x
      value: 0
      objectReference: {fileID: 0}
    - target: {fileID: 4115408997890500, guid: ff78edb367a079b4a8f8ae2d128c581f, type: 3}
      propertyPath: m_LocalEulerAnglesHint.y
      value: 0
      objectReference: {fileID: 0}
    - target: {fileID: 4115408997890500, guid: ff78edb367a079b4a8f8ae2d128c581f, type: 3}
      propertyPath: m_LocalEulerAnglesHint.z
      value: 0
      objectReference: {fileID: 0}
    m_RemovedComponents: []
  m_SourcePrefab: {fileID: 100100000, guid: ff78edb367a079b4a8f8ae2d128c581f, type: 3}
--- !u!4 &4785367446852960896 stripped
Transform:
  m_CorrespondingSourceObject: {fileID: 4115408997890500, guid: ff78edb367a079b4a8f8ae2d128c581f,
    type: 3}
  m_PrefabInstance: {fileID: 4784956576602471236}
  m_PrefabAsset: {fileID: 0}
--- !u!1001 &4964517752944573364
PrefabInstance:
  m_ObjectHideFlags: 0
  serializedVersion: 2
  m_Modification:
    m_TransformParent: {fileID: 4190216460644721096}
    m_Modifications:
    - target: {fileID: 1640771308685042, guid: ff78edb367a079b4a8f8ae2d128c581f, type: 3}
      propertyPath: m_Name
      value: Water 01 (5)
      objectReference: {fileID: 0}
    - target: {fileID: 1640771308685042, guid: ff78edb367a079b4a8f8ae2d128c581f, type: 3}
      propertyPath: m_TagString
      value: Ground
      objectReference: {fileID: 0}
    - target: {fileID: 4115408997890500, guid: ff78edb367a079b4a8f8ae2d128c581f, type: 3}
      propertyPath: m_LocalPosition.x
      value: 0
      objectReference: {fileID: 0}
    - target: {fileID: 4115408997890500, guid: ff78edb367a079b4a8f8ae2d128c581f, type: 3}
      propertyPath: m_LocalPosition.y
      value: 0
      objectReference: {fileID: 0}
    - target: {fileID: 4115408997890500, guid: ff78edb367a079b4a8f8ae2d128c581f, type: 3}
      propertyPath: m_LocalPosition.z
      value: 2
      objectReference: {fileID: 0}
    - target: {fileID: 4115408997890500, guid: ff78edb367a079b4a8f8ae2d128c581f, type: 3}
      propertyPath: m_LocalRotation.x
      value: -0
      objectReference: {fileID: 0}
    - target: {fileID: 4115408997890500, guid: ff78edb367a079b4a8f8ae2d128c581f, type: 3}
      propertyPath: m_LocalRotation.y
      value: -0
      objectReference: {fileID: 0}
    - target: {fileID: 4115408997890500, guid: ff78edb367a079b4a8f8ae2d128c581f, type: 3}
      propertyPath: m_LocalRotation.z
      value: -0
      objectReference: {fileID: 0}
    - target: {fileID: 4115408997890500, guid: ff78edb367a079b4a8f8ae2d128c581f, type: 3}
      propertyPath: m_LocalRotation.w
      value: 1
      objectReference: {fileID: 0}
    - target: {fileID: 4115408997890500, guid: ff78edb367a079b4a8f8ae2d128c581f, type: 3}
      propertyPath: m_RootOrder
      value: 5
      objectReference: {fileID: 0}
    - target: {fileID: 4115408997890500, guid: ff78edb367a079b4a8f8ae2d128c581f, type: 3}
      propertyPath: m_LocalEulerAnglesHint.x
      value: 0
      objectReference: {fileID: 0}
    - target: {fileID: 4115408997890500, guid: ff78edb367a079b4a8f8ae2d128c581f, type: 3}
      propertyPath: m_LocalEulerAnglesHint.y
      value: 0
      objectReference: {fileID: 0}
    - target: {fileID: 4115408997890500, guid: ff78edb367a079b4a8f8ae2d128c581f, type: 3}
      propertyPath: m_LocalEulerAnglesHint.z
      value: 0
      objectReference: {fileID: 0}
    m_RemovedComponents: []
  m_SourcePrefab: {fileID: 100100000, guid: ff78edb367a079b4a8f8ae2d128c581f, type: 3}
--- !u!4 &4966094240834454128 stripped
Transform:
  m_CorrespondingSourceObject: {fileID: 4115408997890500, guid: ff78edb367a079b4a8f8ae2d128c581f,
    type: 3}
  m_PrefabInstance: {fileID: 4964517752944573364}
  m_PrefabAsset: {fileID: 0}
--- !u!1001 &5503637751041060586
PrefabInstance:
  m_ObjectHideFlags: 0
  serializedVersion: 2
  m_Modification:
    m_TransformParent: {fileID: 4190216460644721096}
    m_Modifications:
    - target: {fileID: 1487688346712832, guid: 41b018f12ce178147b4607881dbcdcea, type: 3}
      propertyPath: m_Name
      value: Bridge 01 (5)
      objectReference: {fileID: 0}
    - target: {fileID: 1487688346712832, guid: 41b018f12ce178147b4607881dbcdcea, type: 3}
      propertyPath: m_TagString
      value: Ground
      objectReference: {fileID: 0}
    - target: {fileID: 4982127149357740, guid: 41b018f12ce178147b4607881dbcdcea, type: 3}
      propertyPath: m_LocalPosition.x
      value: 0
      objectReference: {fileID: 0}
    - target: {fileID: 4982127149357740, guid: 41b018f12ce178147b4607881dbcdcea, type: 3}
      propertyPath: m_LocalPosition.y
      value: 0
      objectReference: {fileID: 0}
    - target: {fileID: 4982127149357740, guid: 41b018f12ce178147b4607881dbcdcea, type: 3}
      propertyPath: m_LocalPosition.z
      value: 3
      objectReference: {fileID: 0}
    - target: {fileID: 4982127149357740, guid: 41b018f12ce178147b4607881dbcdcea, type: 3}
      propertyPath: m_LocalRotation.x
      value: -0
      objectReference: {fileID: 0}
    - target: {fileID: 4982127149357740, guid: 41b018f12ce178147b4607881dbcdcea, type: 3}
      propertyPath: m_LocalRotation.y
      value: -0
      objectReference: {fileID: 0}
    - target: {fileID: 4982127149357740, guid: 41b018f12ce178147b4607881dbcdcea, type: 3}
      propertyPath: m_LocalRotation.z
      value: -0
      objectReference: {fileID: 0}
    - target: {fileID: 4982127149357740, guid: 41b018f12ce178147b4607881dbcdcea, type: 3}
      propertyPath: m_LocalRotation.w
      value: 1
      objectReference: {fileID: 0}
    - target: {fileID: 4982127149357740, guid: 41b018f12ce178147b4607881dbcdcea, type: 3}
      propertyPath: m_RootOrder
      value: 13
      objectReference: {fileID: 0}
    - target: {fileID: 4982127149357740, guid: 41b018f12ce178147b4607881dbcdcea, type: 3}
      propertyPath: m_LocalEulerAnglesHint.x
      value: 0
      objectReference: {fileID: 0}
    - target: {fileID: 4982127149357740, guid: 41b018f12ce178147b4607881dbcdcea, type: 3}
      propertyPath: m_LocalEulerAnglesHint.y
      value: 0
      objectReference: {fileID: 0}
    - target: {fileID: 4982127149357740, guid: 41b018f12ce178147b4607881dbcdcea, type: 3}
      propertyPath: m_LocalEulerAnglesHint.z
      value: 0
      objectReference: {fileID: 0}
    m_RemovedComponents: []
  m_SourcePrefab: {fileID: 100100000, guid: 41b018f12ce178147b4607881dbcdcea, type: 3}
--- !u!4 &5508300744866788422 stripped
Transform:
  m_CorrespondingSourceObject: {fileID: 4982127149357740, guid: 41b018f12ce178147b4607881dbcdcea,
    type: 3}
  m_PrefabInstance: {fileID: 5503637751041060586}
  m_PrefabAsset: {fileID: 0}
--- !u!1001 &5759066274178181457
PrefabInstance:
  m_ObjectHideFlags: 0
  serializedVersion: 2
  m_Modification:
    m_TransformParent: {fileID: 4190216460644721096}
    m_Modifications:
    - target: {fileID: 1487688346712832, guid: 41b018f12ce178147b4607881dbcdcea, type: 3}
      propertyPath: m_Name
      value: Bridge 01 (4)
      objectReference: {fileID: 0}
    - target: {fileID: 1487688346712832, guid: 41b018f12ce178147b4607881dbcdcea, type: 3}
      propertyPath: m_TagString
      value: Ground
      objectReference: {fileID: 0}
    - target: {fileID: 4982127149357740, guid: 41b018f12ce178147b4607881dbcdcea, type: 3}
      propertyPath: m_LocalPosition.x
      value: 0
      objectReference: {fileID: 0}
    - target: {fileID: 4982127149357740, guid: 41b018f12ce178147b4607881dbcdcea, type: 3}
      propertyPath: m_LocalPosition.y
      value: 0
      objectReference: {fileID: 0}
    - target: {fileID: 4982127149357740, guid: 41b018f12ce178147b4607881dbcdcea, type: 3}
      propertyPath: m_LocalPosition.z
      value: 2
      objectReference: {fileID: 0}
    - target: {fileID: 4982127149357740, guid: 41b018f12ce178147b4607881dbcdcea, type: 3}
      propertyPath: m_LocalRotation.x
      value: -0
      objectReference: {fileID: 0}
    - target: {fileID: 4982127149357740, guid: 41b018f12ce178147b4607881dbcdcea, type: 3}
      propertyPath: m_LocalRotation.y
      value: -0
      objectReference: {fileID: 0}
    - target: {fileID: 4982127149357740, guid: 41b018f12ce178147b4607881dbcdcea, type: 3}
      propertyPath: m_LocalRotation.z
      value: -0
      objectReference: {fileID: 0}
    - target: {fileID: 4982127149357740, guid: 41b018f12ce178147b4607881dbcdcea, type: 3}
      propertyPath: m_LocalRotation.w
      value: 1
      objectReference: {fileID: 0}
    - target: {fileID: 4982127149357740, guid: 41b018f12ce178147b4607881dbcdcea, type: 3}
      propertyPath: m_RootOrder
      value: 12
      objectReference: {fileID: 0}
    - target: {fileID: 4982127149357740, guid: 41b018f12ce178147b4607881dbcdcea, type: 3}
      propertyPath: m_LocalEulerAnglesHint.x
      value: 0
      objectReference: {fileID: 0}
    - target: {fileID: 4982127149357740, guid: 41b018f12ce178147b4607881dbcdcea, type: 3}
      propertyPath: m_LocalEulerAnglesHint.y
      value: 0
      objectReference: {fileID: 0}
    - target: {fileID: 4982127149357740, guid: 41b018f12ce178147b4607881dbcdcea, type: 3}
      propertyPath: m_LocalEulerAnglesHint.z
      value: 0
      objectReference: {fileID: 0}
    m_RemovedComponents: []
  m_SourcePrefab: {fileID: 100100000, guid: 41b018f12ce178147b4607881dbcdcea, type: 3}
--- !u!4 &5764013188289147901 stripped
Transform:
  m_CorrespondingSourceObject: {fileID: 4982127149357740, guid: 41b018f12ce178147b4607881dbcdcea,
    type: 3}
  m_PrefabInstance: {fileID: 5759066274178181457}
  m_PrefabAsset: {fileID: 0}
--- !u!1001 &6556148749578652332
PrefabInstance:
  m_ObjectHideFlags: 0
  serializedVersion: 2
  m_Modification:
    m_TransformParent: {fileID: 4190216460644721096}
    m_Modifications:
    - target: {fileID: 1487688346712832, guid: 41b018f12ce178147b4607881dbcdcea, type: 3}
      propertyPath: m_Name
      value: Bridge 01 (9)
      objectReference: {fileID: 0}
    - target: {fileID: 1487688346712832, guid: 41b018f12ce178147b4607881dbcdcea, type: 3}
      propertyPath: m_TagString
      value: Ground
      objectReference: {fileID: 0}
    - target: {fileID: 4982127149357740, guid: 41b018f12ce178147b4607881dbcdcea, type: 3}
      propertyPath: m_LocalPosition.x
      value: 0
      objectReference: {fileID: 0}
    - target: {fileID: 4982127149357740, guid: 41b018f12ce178147b4607881dbcdcea, type: 3}
      propertyPath: m_LocalPosition.y
      value: 0
      objectReference: {fileID: 0}
    - target: {fileID: 4982127149357740, guid: 41b018f12ce178147b4607881dbcdcea, type: 3}
      propertyPath: m_LocalPosition.z
      value: 1
      objectReference: {fileID: 0}
    - target: {fileID: 4982127149357740, guid: 41b018f12ce178147b4607881dbcdcea, type: 3}
      propertyPath: m_LocalRotation.x
      value: -0
      objectReference: {fileID: 0}
    - target: {fileID: 4982127149357740, guid: 41b018f12ce178147b4607881dbcdcea, type: 3}
      propertyPath: m_LocalRotation.y
      value: -0
      objectReference: {fileID: 0}
    - target: {fileID: 4982127149357740, guid: 41b018f12ce178147b4607881dbcdcea, type: 3}
      propertyPath: m_LocalRotation.z
      value: -0
      objectReference: {fileID: 0}
    - target: {fileID: 4982127149357740, guid: 41b018f12ce178147b4607881dbcdcea, type: 3}
      propertyPath: m_LocalRotation.w
      value: 1
      objectReference: {fileID: 0}
    - target: {fileID: 4982127149357740, guid: 41b018f12ce178147b4607881dbcdcea, type: 3}
      propertyPath: m_RootOrder
      value: 11
      objectReference: {fileID: 0}
    - target: {fileID: 4982127149357740, guid: 41b018f12ce178147b4607881dbcdcea, type: 3}
      propertyPath: m_LocalEulerAnglesHint.x
      value: 0
      objectReference: {fileID: 0}
    - target: {fileID: 4982127149357740, guid: 41b018f12ce178147b4607881dbcdcea, type: 3}
      propertyPath: m_LocalEulerAnglesHint.y
      value: 0
      objectReference: {fileID: 0}
    - target: {fileID: 4982127149357740, guid: 41b018f12ce178147b4607881dbcdcea, type: 3}
      propertyPath: m_LocalEulerAnglesHint.z
      value: 0
      objectReference: {fileID: 0}
    m_RemovedComponents: []
  m_SourcePrefab: {fileID: 100100000, guid: 41b018f12ce178147b4607881dbcdcea, type: 3}
--- !u!4 &6552084049949052928 stripped
Transform:
  m_CorrespondingSourceObject: {fileID: 4982127149357740, guid: 41b018f12ce178147b4607881dbcdcea,
    type: 3}
  m_PrefabInstance: {fileID: 6556148749578652332}
  m_PrefabAsset: {fileID: 0}
--- !u!1001 &7686661561405650840
PrefabInstance:
  m_ObjectHideFlags: 0
  serializedVersion: 2
  m_Modification:
    m_TransformParent: {fileID: 4190216460644721096}
    m_Modifications:
    - target: {fileID: 1487688346712832, guid: 41b018f12ce178147b4607881dbcdcea, type: 3}
      propertyPath: m_Name
      value: Bridge 01 (3)
      objectReference: {fileID: 0}
    - target: {fileID: 1487688346712832, guid: 41b018f12ce178147b4607881dbcdcea, type: 3}
      propertyPath: m_TagString
      value: Ground
      objectReference: {fileID: 0}
    - target: {fileID: 4982127149357740, guid: 41b018f12ce178147b4607881dbcdcea, type: 3}
      propertyPath: m_LocalPosition.x
      value: 0
      objectReference: {fileID: 0}
    - target: {fileID: 4982127149357740, guid: 41b018f12ce178147b4607881dbcdcea, type: 3}
      propertyPath: m_LocalPosition.y
      value: 0
      objectReference: {fileID: 0}
    - target: {fileID: 4982127149357740, guid: 41b018f12ce178147b4607881dbcdcea, type: 3}
      propertyPath: m_LocalPosition.z
      value: 0
      objectReference: {fileID: 0}
    - target: {fileID: 4982127149357740, guid: 41b018f12ce178147b4607881dbcdcea, type: 3}
      propertyPath: m_LocalRotation.x
      value: -0
      objectReference: {fileID: 0}
    - target: {fileID: 4982127149357740, guid: 41b018f12ce178147b4607881dbcdcea, type: 3}
      propertyPath: m_LocalRotation.y
      value: -0
      objectReference: {fileID: 0}
    - target: {fileID: 4982127149357740, guid: 41b018f12ce178147b4607881dbcdcea, type: 3}
      propertyPath: m_LocalRotation.z
      value: -0
      objectReference: {fileID: 0}
    - target: {fileID: 4982127149357740, guid: 41b018f12ce178147b4607881dbcdcea, type: 3}
      propertyPath: m_LocalRotation.w
      value: 1
      objectReference: {fileID: 0}
    - target: {fileID: 4982127149357740, guid: 41b018f12ce178147b4607881dbcdcea, type: 3}
      propertyPath: m_RootOrder
      value: 10
      objectReference: {fileID: 0}
    - target: {fileID: 4982127149357740, guid: 41b018f12ce178147b4607881dbcdcea, type: 3}
      propertyPath: m_LocalEulerAnglesHint.x
      value: 0
      objectReference: {fileID: 0}
    - target: {fileID: 4982127149357740, guid: 41b018f12ce178147b4607881dbcdcea, type: 3}
      propertyPath: m_LocalEulerAnglesHint.y
      value: 0
      objectReference: {fileID: 0}
    - target: {fileID: 4982127149357740, guid: 41b018f12ce178147b4607881dbcdcea, type: 3}
      propertyPath: m_LocalEulerAnglesHint.z
      value: 0
      objectReference: {fileID: 0}
    m_RemovedComponents: []
  m_SourcePrefab: {fileID: 100100000, guid: 41b018f12ce178147b4607881dbcdcea, type: 3}
--- !u!4 &7691359544115277108 stripped
Transform:
  m_CorrespondingSourceObject: {fileID: 4982127149357740, guid: 41b018f12ce178147b4607881dbcdcea,
    type: 3}
  m_PrefabInstance: {fileID: 7686661561405650840}
  m_PrefabAsset: {fileID: 0}
--- !u!1001 &8059444870390893125
PrefabInstance:
  m_ObjectHideFlags: 0
  serializedVersion: 2
  m_Modification:
    m_TransformParent: {fileID: 4190216460644721096}
    m_Modifications:
    - target: {fileID: 1640771308685042, guid: ff78edb367a079b4a8f8ae2d128c581f, type: 3}
      propertyPath: m_Name
      value: Water 01 (6)
      objectReference: {fileID: 0}
    - target: {fileID: 1640771308685042, guid: ff78edb367a079b4a8f8ae2d128c581f, type: 3}
      propertyPath: m_TagString
      value: Ground
      objectReference: {fileID: 0}
    - target: {fileID: 4115408997890500, guid: ff78edb367a079b4a8f8ae2d128c581f, type: 3}
      propertyPath: m_LocalPosition.x
      value: 0
      objectReference: {fileID: 0}
    - target: {fileID: 4115408997890500, guid: ff78edb367a079b4a8f8ae2d128c581f, type: 3}
      propertyPath: m_LocalPosition.y
      value: 0
      objectReference: {fileID: 0}
    - target: {fileID: 4115408997890500, guid: ff78edb367a079b4a8f8ae2d128c581f, type: 3}
      propertyPath: m_LocalPosition.z
      value: 3
      objectReference: {fileID: 0}
    - target: {fileID: 4115408997890500, guid: ff78edb367a079b4a8f8ae2d128c581f, type: 3}
      propertyPath: m_LocalRotation.x
      value: -0
      objectReference: {fileID: 0}
    - target: {fileID: 4115408997890500, guid: ff78edb367a079b4a8f8ae2d128c581f, type: 3}
      propertyPath: m_LocalRotation.y
      value: -0
      objectReference: {fileID: 0}
    - target: {fileID: 4115408997890500, guid: ff78edb367a079b4a8f8ae2d128c581f, type: 3}
      propertyPath: m_LocalRotation.z
      value: -0
      objectReference: {fileID: 0}
    - target: {fileID: 4115408997890500, guid: ff78edb367a079b4a8f8ae2d128c581f, type: 3}
      propertyPath: m_LocalRotation.w
      value: 1
      objectReference: {fileID: 0}
    - target: {fileID: 4115408997890500, guid: ff78edb367a079b4a8f8ae2d128c581f, type: 3}
      propertyPath: m_RootOrder
      value: 6
      objectReference: {fileID: 0}
    - target: {fileID: 4115408997890500, guid: ff78edb367a079b4a8f8ae2d128c581f, type: 3}
      propertyPath: m_LocalEulerAnglesHint.x
      value: 0
      objectReference: {fileID: 0}
    - target: {fileID: 4115408997890500, guid: ff78edb367a079b4a8f8ae2d128c581f, type: 3}
      propertyPath: m_LocalEulerAnglesHint.y
      value: 0
      objectReference: {fileID: 0}
    - target: {fileID: 4115408997890500, guid: ff78edb367a079b4a8f8ae2d128c581f, type: 3}
      propertyPath: m_LocalEulerAnglesHint.z
      value: 0
      objectReference: {fileID: 0}
    m_RemovedComponents: []
  m_SourcePrefab: {fileID: 100100000, guid: ff78edb367a079b4a8f8ae2d128c581f, type: 3}
--- !u!4 &8058761185930179457 stripped
Transform:
  m_CorrespondingSourceObject: {fileID: 4115408997890500, guid: ff78edb367a079b4a8f8ae2d128c581f,
    type: 3}
  m_PrefabInstance: {fileID: 8059444870390893125}
  m_PrefabAsset: {fileID: 0}
