%YAML 1.1
%TAG !u! tag:unity3d.com,2011:
--- !u!1 &963194225
GameObject:
  m_ObjectHideFlags: 0
  m_CorrespondingSourceObject: {fileID: 0}
  m_PrefabInstance: {fileID: 0}
  m_PrefabAsset: {fileID: 0}
  serializedVersion: 6
  m_Component:
  - component: {fileID: 963194228}
  - component: {fileID: 963194227}
  - component: {fileID: 963194226}
  m_Layer: 0
  m_Name: Main Camera
  m_TagString: MainCamera
  m_Icon: {fileID: 0}
  m_NavMeshLayer: 0
  m_StaticEditorFlags: 0
  m_IsActive: 1
--- !u!4 &963194228
Transform:
  m_ObjectHideFlags: 0
  m_CorrespondingSourceObject: {fileID: 0}
  m_PrefabInstance: {fileID: 0}
  m_PrefabAsset: {fileID: 0}
  m_GameObject: {fileID: 963194225}
  m_LocalRotation: {x: 0.17364816, y: 0, z: 0, w: 0.9848078}
  m_LocalPosition: {x: 0, y: 1.034, z: -1.229}
  m_LocalScale: {x: 1, y: 1, z: 1}
  m_Children: []
  m_Father: {fileID: 4303844821561524}
  m_RootOrder: 5
  m_LocalEulerAnglesHint: {x: 20, y: 0, z: 0}
--- !u!20 &963194227
Camera:
  m_ObjectHideFlags: 0
  m_CorrespondingSourceObject: {fileID: 0}
  m_PrefabInstance: {fileID: 0}
  m_PrefabAsset: {fileID: 0}
  m_GameObject: {fileID: 963194225}
  m_Enabled: 1
  serializedVersion: 2
  m_ClearFlags: 1
  m_BackGroundColor: {r: 0.1490744, g: 0.41374853, b: 0.6320754, a: 0.7137255}
  m_projectionMatrixMode: 1
  m_GateFitMode: 2
  m_FOVAxisMode: 0
  m_SensorSize: {x: 36, y: 24}
  m_LensShift: {x: 0, y: 0}
  m_FocalLength: 50
  m_NormalizedViewPortRect:
    serializedVersion: 2
    x: 0
    y: 0
    width: 1
    height: 1
  near clip plane: 0.3
  far clip plane: 1000
  field of view: 60
  orthographic: 0
  orthographic size: 5
  m_Depth: -1
  m_CullingMask:
    serializedVersion: 2
    m_Bits: 4294967295
  m_RenderingPath: -1
  m_TargetTexture: {fileID: 0}
  m_TargetDisplay: 0
  m_TargetEye: 3
  m_HDR: 1
  m_AllowMSAA: 1
  m_AllowDynamicResolution: 0
  m_ForceIntoRT: 0
  m_OcclusionCulling: 1
  m_StereoConvergence: 10
  m_StereoSeparation: 0.022
--- !u!81 &963194226
AudioListener:
  m_ObjectHideFlags: 0
  m_CorrespondingSourceObject: {fileID: 0}
  m_PrefabInstance: {fileID: 0}
  m_PrefabAsset: {fileID: 0}
  m_GameObject: {fileID: 963194225}
  m_Enabled: 1
--- !u!1 &1005819627161744
GameObject:
  m_ObjectHideFlags: 0
  m_CorrespondingSourceObject: {fileID: 0}
  m_PrefabInstance: {fileID: 0}
  m_PrefabAsset: {fileID: 0}
  serializedVersion: 6
  m_Component:
  - component: {fileID: 4838191212526148}
  m_Layer: 0
  m_Name: RigRLeg2
  m_TagString: Untagged
  m_Icon: {fileID: 0}
  m_NavMeshLayer: 0
  m_StaticEditorFlags: 0
  m_IsActive: 1
--- !u!4 &4838191212526148
Transform:
  m_ObjectHideFlags: 0
  m_CorrespondingSourceObject: {fileID: 0}
  m_PrefabInstance: {fileID: 0}
  m_PrefabAsset: {fileID: 0}
  m_GameObject: {fileID: 1005819627161744}
  m_LocalRotation: {x: 0.17679116, y: -0.036946658, z: -0.21145491, w: 0.96055543}
  m_LocalPosition: {x: -0.030726139, y: 0, z: 0}
  m_LocalScale: {x: 1.0000001, y: 0.99999976, z: 0.9999997}
  m_Children:
  - {fileID: 4694446946191148}
  m_Father: {fileID: 4111610558296540}
  m_RootOrder: 0
  m_LocalEulerAnglesHint: {x: -2.5340815, y: -20.096048, z: -98.370255}
--- !u!1 &1048941694379062
GameObject:
  m_ObjectHideFlags: 0
  m_CorrespondingSourceObject: {fileID: 0}
  m_PrefabInstance: {fileID: 0}
  m_PrefabAsset: {fileID: 0}
  serializedVersion: 6
  m_Component:
  - component: {fileID: 4687691789265122}
  m_Layer: 0
  m_Name: RigRLegPlatform
  m_TagString: Untagged
  m_Icon: {fileID: 0}
  m_NavMeshLayer: 0
  m_StaticEditorFlags: 0
  m_IsActive: 1
--- !u!4 &4687691789265122
Transform:
  m_ObjectHideFlags: 0
  m_CorrespondingSourceObject: {fileID: 0}
  m_PrefabInstance: {fileID: 0}
  m_PrefabAsset: {fileID: 0}
  m_GameObject: {fileID: 1048941694379062}
  m_LocalRotation: {x: 0.44259477, y: -0.44259477, z: -0.55146164, w: 0.55146164}
  m_LocalPosition: {x: 0.054115757, y: -0.0000000024691464, z: -0.04570856}
  m_LocalScale: {x: 1, y: 1, z: 1}
  m_Children: []
  m_Father: {fileID: 4303844821561524}
  m_RootOrder: 3
  m_LocalEulerAnglesHint: {x: 0, y: -77.5, z: -90}
--- !u!1 &1053436465867894
GameObject:
  m_ObjectHideFlags: 0
  m_CorrespondingSourceObject: {fileID: 0}
  m_PrefabInstance: {fileID: 0}
  m_PrefabAsset: {fileID: 0}
  serializedVersion: 6
  m_Component:
  - component: {fileID: 4834939201994840}
  m_Layer: 0
  m_Name: RigTail1
  m_TagString: Untagged
  m_Icon: {fileID: 0}
  m_NavMeshLayer: 0
  m_StaticEditorFlags: 0
  m_IsActive: 1
--- !u!4 &4834939201994840
Transform:
  m_ObjectHideFlags: 0
  m_CorrespondingSourceObject: {fileID: 0}
  m_PrefabInstance: {fileID: 0}
  m_PrefabAsset: {fileID: 0}
  m_GameObject: {fileID: 1053436465867894}
  m_LocalRotation: {x: 0.00000011665809, y: 0.00000020851954, z: 0.9597455, w: 0.28087097}
  m_LocalPosition: {x: 0.06656789, y: -0.049395293, z: 0.00000001579523}
  m_LocalScale: {x: 0.9999999, y: 0.9999999, z: 1}
  m_Children:
  - {fileID: 4568355531208036}
  m_Father: {fileID: 4934709992206218}
  m_RootOrder: 3
  m_LocalEulerAnglesHint: {x: -3.2823467, y: -0.9200656, z: 133.04604}
--- !u!1 &1055748561691468
GameObject:
  m_ObjectHideFlags: 0
  m_CorrespondingSourceObject: {fileID: 0}
  m_PrefabInstance: {fileID: 0}
  m_PrefabAsset: {fileID: 0}
  serializedVersion: 6
  m_Component:
  - component: {fileID: 4410910982438300}
  - component: {fileID: 137954050844376528}
  m_Layer: 0
  m_Name: Toon Chicken
  m_TagString: Untagged
  m_Icon: {fileID: 0}
  m_NavMeshLayer: 0
  m_StaticEditorFlags: 0
  m_IsActive: 1
--- !u!4 &4410910982438300
Transform:
  m_ObjectHideFlags: 0
  m_CorrespondingSourceObject: {fileID: 0}
  m_PrefabInstance: {fileID: 0}
  m_PrefabAsset: {fileID: 0}
  m_GameObject: {fileID: 1055748561691468}
  m_LocalRotation: {x: -0.7071068, y: 0, z: -0, w: 0.7071068}
  m_LocalPosition: {x: -0, y: 0, z: -0.019893898}
  m_LocalScale: {x: 1, y: 1, z: 1}
  m_Children: []
  m_Father: {fileID: 4303844821561524}
  m_RootOrder: 4
  m_LocalEulerAnglesHint: {x: -90, y: 0, z: 0}
--- !u!137 &137954050844376528
SkinnedMeshRenderer:
  m_ObjectHideFlags: 0
  m_CorrespondingSourceObject: {fileID: 0}
  m_PrefabInstance: {fileID: 0}
  m_PrefabAsset: {fileID: 0}
  m_GameObject: {fileID: 1055748561691468}
  m_Enabled: 1
  m_CastShadows: 1
  m_ReceiveShadows: 1
  m_DynamicOccludee: 1
  m_MotionVectors: 1
  m_LightProbeUsage: 1
  m_ReflectionProbeUsage: 1
  m_RenderingLayerMask: 4294967295
  m_RendererPriority: 0
  m_Materials:
  - {fileID: 2100000, guid: e41f42f5e81b018479b0091156c9ecc6, type: 2}
  m_StaticBatchInfo:
    firstSubMesh: 0
    subMeshCount: 0
  m_StaticBatchRoot: {fileID: 0}
  m_ProbeAnchor: {fileID: 0}
  m_LightProbeVolumeOverride: {fileID: 0}
  m_ScaleInLightmap: 1
  m_ReceiveGI: 1
  m_PreserveUVs: 0
  m_IgnoreNormalsForChartDetection: 0
  m_ImportantGI: 0
  m_StitchLightmapSeams: 0
  m_SelectedEditorRenderState: 3
  m_MinimumChartSize: 4
  m_AutoUVMaxDistance: 0.5
  m_AutoUVMaxAngle: 89
  m_LightmapParameters: {fileID: 0}
  m_SortingLayerID: 0
  m_SortingLayer: 0
  m_SortingOrder: 0
  serializedVersion: 2
  m_Quality: 0
  m_UpdateWhenOffscreen: 0
  m_SkinnedMotionVectors: 1
  m_Mesh: {fileID: 4300000, guid: d623cd35a78380d4eb0457c4e483abed, type: 3}
  m_Bones:
  - {fileID: 4016005350359256}
  - {fileID: 4143754336944544}
  - {fileID: 4834939201994840}
  - {fileID: 4568355531208036}
  - {fileID: 4934709992206218}
  - {fileID: 4111610558296540}
  - {fileID: 4838191212526148}
  - {fileID: 4694446946191148}
  - {fileID: 4050376775674420}
  - {fileID: 4726429633659454}
  - {fileID: 4709201070735134}
  - {fileID: 4824906945813688}
  - {fileID: 4431259306281654}
  - {fileID: 4555298684851868}
  - {fileID: 4411564350868700}
  - {fileID: 4961337131067336}
  - {fileID: 4478420414240470}
  - {fileID: 4828843303752404}
  - {fileID: 4943424213158940}
  m_BlendShapeWeights: []
  m_RootBone: {fileID: 4934709992206218}
  m_AABB:
    m_Center: {x: 0.0054738373, y: -0.096651964, z: 0.000000022351742}
    m_Extent: {x: 0.23418353, y: 0.23064417, z: 0.15359914}
  m_DirtyAABB: 0
--- !u!1 &1200174205398646
GameObject:
  m_ObjectHideFlags: 0
  m_CorrespondingSourceObject: {fileID: 0}
  m_PrefabInstance: {fileID: 0}
  m_PrefabAsset: {fileID: 0}
  serializedVersion: 6
  m_Component:
  - component: {fileID: 4828843303752404}
  m_Layer: 0
  m_Name: RigLArm2
  m_TagString: Untagged
  m_Icon: {fileID: 0}
  m_NavMeshLayer: 0
  m_StaticEditorFlags: 0
  m_IsActive: 1
--- !u!4 &4828843303752404
Transform:
  m_ObjectHideFlags: 0
  m_CorrespondingSourceObject: {fileID: 0}
  m_PrefabInstance: {fileID: 0}
  m_PrefabAsset: {fileID: 0}
  m_GameObject: {fileID: 1200174205398646}
  m_LocalRotation: {x: 0.013016929, y: 0.087834895, z: 0.43518814, w: 0.89595026}
  m_LocalPosition: {x: -0.083687164, y: 0.000000009536743, z: 0}
  m_LocalScale: {x: 0.9999999, y: 1, z: 1}
  m_Children: []
  m_Father: {fileID: 4478420414240470}
  m_RootOrder: 0
  m_LocalEulerAnglesHint: {x: -3.0452445, y: 9.727337, z: 51.555096}
--- !u!1 &1206895184726438
GameObject:
  m_ObjectHideFlags: 0
  m_CorrespondingSourceObject: {fileID: 0}
  m_PrefabInstance: {fileID: 0}
  m_PrefabAsset: {fileID: 0}
  serializedVersion: 6
  m_Component:
  - component: {fileID: 4694446946191148}
  m_Layer: 0
  m_Name: RigRLegAnkle
  m_TagString: Untagged
  m_Icon: {fileID: 0}
  m_NavMeshLayer: 0
  m_StaticEditorFlags: 0
  m_IsActive: 1
--- !u!4 &4694446946191148
Transform:
  m_ObjectHideFlags: 0
  m_CorrespondingSourceObject: {fileID: 0}
  m_PrefabInstance: {fileID: 0}
  m_PrefabAsset: {fileID: 0}
  m_GameObject: {fileID: 1206895184726438}
  m_LocalRotation: {x: -0.021800745, y: -0.022999678, z: -0.22862142, w: 0.9729995}
  m_LocalPosition: {x: -0.023998145, y: 0.0000000047683715, z: -0.0000000047683715}
  m_LocalScale: {x: 1, y: 1.0000004, z: 1.0000002}
  m_Children:
  - {fileID: 4050376775674420}
  m_Father: {fileID: 4838191212526148}
  m_RootOrder: 0
  m_LocalEulerAnglesHint: {x: -4.9936733, y: 17.459576, z: 22.509369}
--- !u!1 &1209584140994428
GameObject:
  m_ObjectHideFlags: 0
  m_CorrespondingSourceObject: {fileID: 0}
  m_PrefabInstance: {fileID: 0}
  m_PrefabAsset: {fileID: 0}
  serializedVersion: 6
  m_Component:
  - component: {fileID: 4824906945813688}
  m_Layer: 0
  m_Name: RigLLeg2
  m_TagString: Untagged
  m_Icon: {fileID: 0}
  m_NavMeshLayer: 0
  m_StaticEditorFlags: 0
  m_IsActive: 1
--- !u!4 &4824906945813688
Transform:
  m_ObjectHideFlags: 0
  m_CorrespondingSourceObject: {fileID: 0}
  m_PrefabInstance: {fileID: 0}
  m_PrefabAsset: {fileID: 0}
  m_GameObject: {fileID: 1209584140994428}
  m_LocalRotation: {x: -0.15835054, y: 0.08338858, z: -0.47722766, w: 0.8603635}
  m_LocalPosition: {x: -0.03072613, y: 0, z: 0}
  m_LocalScale: {x: 1.0000001, y: 1, z: 1}
  m_Children:
  - {fileID: 4431259306281654}
  m_Father: {fileID: 4709201070735134}
  m_RootOrder: 0
  m_LocalEulerAnglesHint: {x: -9.500504, y: 18.264612, z: -64.7337}
--- !u!1 &1311290861401530
GameObject:
  m_ObjectHideFlags: 0
  m_CorrespondingSourceObject: {fileID: 0}
  m_PrefabInstance: {fileID: 0}
  m_PrefabAsset: {fileID: 0}
  serializedVersion: 6
  m_Component:
  - component: {fileID: 4303844821561524}
  - component: {fileID: 95943282229431942}
  - component: {fileID: 983973117471200005}
  - component: {fileID: 761484689}
  - component: {fileID: 761484691}
  - component: {fileID: 761484692}
  m_Layer: 0
  m_Name: Toon Chicken
  m_TagString: Player
  m_Icon: {fileID: 0}
  m_NavMeshLayer: 0
  m_StaticEditorFlags: 0
  m_IsActive: 1
--- !u!4 &4303844821561524
Transform:
  m_ObjectHideFlags: 0
  m_CorrespondingSourceObject: {fileID: 0}
  m_PrefabInstance: {fileID: 0}
  m_PrefabAsset: {fileID: 0}
  m_GameObject: {fileID: 1311290861401530}
  m_LocalRotation: {x: 0, y: 0, z: 0, w: 1}
  m_LocalPosition: {x: 0, y: 0, z: 0}
  m_LocalScale: {x: 1, y: 1, z: 1}
  m_Children:
  - {fileID: 4677390999235134}
  - {fileID: 4667570188774346}
  - {fileID: 4934709992206218}
  - {fileID: 4687691789265122}
  - {fileID: 4410910982438300}
  - {fileID: 963194228}
  m_Father: {fileID: 0}
  m_RootOrder: 0
  m_LocalEulerAnglesHint: {x: 0, y: 0, z: 0}
--- !u!95 &95943282229431942
Animator:
  serializedVersion: 3
  m_ObjectHideFlags: 0
  m_CorrespondingSourceObject: {fileID: 0}
  m_PrefabInstance: {fileID: 0}
  m_PrefabAsset: {fileID: 0}
  m_GameObject: {fileID: 1311290861401530}
  m_Enabled: 1
  m_Avatar: {fileID: 9000000, guid: d623cd35a78380d4eb0457c4e483abed, type: 3}
  m_Controller: {fileID: 9100000, guid: 84dd067921f4e0045bb3a9a6e8fb7789, type: 2}
  m_CullingMode: 1
  m_UpdateMode: 0
  m_ApplyRootMotion: 0
  m_LinearVelocityBlending: 0
  m_WarningMessage: 
  m_HasTransformHierarchy: 1
  m_AllowConstantClipSamplingOptimization: 1
  m_KeepAnimatorControllerStateOnDisable: 0
--- !u!114 &983973117471200005
MonoBehaviour:
  m_ObjectHideFlags: 0
  m_CorrespondingSourceObject: {fileID: 0}
  m_PrefabInstance: {fileID: 0}
  m_PrefabAsset: {fileID: 0}
  m_GameObject: {fileID: 1311290861401530}
  m_Enabled: 1
  m_EditorHideFlags: 0
  m_Script: {fileID: 11500000, guid: 4835afdfa7026524b90e4b4adbc8257e, type: 3}
  m_Name: 
  m_EditorClassIdentifier: 
  anim: {fileID: 0}
  rb: {fileID: 0}
  tf: {fileID: 0}
  movementWalk: 0
  movementRun: 0
  speed: 5
  moveDirection: {x: 0, y: 0, z: 0}
  rotationSpeed: 20
  grass: {fileID: 1901519579059870, guid: d3f3d3387da467d4a843b9f7ac654a4a, type: 3}
--- !u!54 &761484689
Rigidbody:
  m_ObjectHideFlags: 0
  m_CorrespondingSourceObject: {fileID: 0}
  m_PrefabInstance: {fileID: 0}
  m_PrefabAsset: {fileID: 0}
  m_GameObject: {fileID: 1311290861401530}
  serializedVersion: 2
  m_Mass: 400
  m_Drag: 30
  m_AngularDrag: 30
  m_UseGravity: 1
  m_IsKinematic: 0
  m_Interpolate: 0
  m_Constraints: 80
  m_CollisionDetection: 0
--- !u!65 &761484691
BoxCollider:
  m_ObjectHideFlags: 0
  m_CorrespondingSourceObject: {fileID: 0}
  m_PrefabInstance: {fileID: 0}
  m_PrefabAsset: {fileID: 0}
  m_GameObject: {fileID: 1311290861401530}
  m_Material: {fileID: 0}
  m_IsTrigger: 0
  m_Enabled: 1
  serializedVersion: 2
  m_Size: {x: 0.19995785, y: 0.430479, z: 0.37475562}
  m_Center: {x: 0.0034229755, y: 0.22210148, z: -0.024384856}
--- !u!65 &761484692
BoxCollider:
  m_ObjectHideFlags: 0
  m_CorrespondingSourceObject: {fileID: 0}
  m_PrefabInstance: {fileID: 0}
  m_PrefabAsset: {fileID: 0}
  m_GameObject: {fileID: 1311290861401530}
  m_Material: {fileID: 0}
  m_IsTrigger: 1
  m_Enabled: 1
  serializedVersion: 2
  m_Size: {x: 0.19662905, y: 0.18269433, z: 0.19785589}
  m_Center: {x: 0.0067700855, y: 0.06425207, z: 0.2667274}
--- !u!1 &1325880688823160
GameObject:
  m_ObjectHideFlags: 0
  m_CorrespondingSourceObject: {fileID: 0}
  m_PrefabInstance: {fileID: 0}
  m_PrefabAsset: {fileID: 0}
  serializedVersion: 6
  m_Component:
  - component: {fileID: 4016005350359256}
  m_Layer: 0
  m_Name: RigRibcage
  m_TagString: Untagged
  m_Icon: {fileID: 0}
  m_NavMeshLayer: 0
  m_StaticEditorFlags: 0
  m_IsActive: 1
--- !u!4 &4016005350359256
Transform:
  m_ObjectHideFlags: 0
  m_CorrespondingSourceObject: {fileID: 0}
  m_PrefabInstance: {fileID: 0}
  m_PrefabAsset: {fileID: 0}
  m_GameObject: {fileID: 1325880688823160}
  m_LocalRotation: {x: 0.000000020994069, y: 0.00000017389398, z: 0.12416292, w: 0.9922618}
  m_LocalPosition: {x: -0.16012385, y: 0, z: -2.9802322e-10}
  m_LocalScale: {x: 1, y: 0.99999994, z: 1}
  m_Children:
  - {fileID: 4478420414240470}
  - {fileID: 4943424213158940}
  - {fileID: 4411564350868700}
  m_Father: {fileID: 4726429633659454}
  m_RootOrder: 0
  m_LocalEulerAnglesHint: {x: -0.092008464, y: 0.019604292, z: 14.531802}
--- !u!1 &1329520448308880
GameObject:
  m_ObjectHideFlags: 0
  m_CorrespondingSourceObject: {fileID: 0}
  m_PrefabInstance: {fileID: 0}
  m_PrefabAsset: {fileID: 0}
  serializedVersion: 6
  m_Component:
  - component: {fileID: 4726429633659454}
  m_Layer: 0
  m_Name: RigSpine
  m_TagString: Untagged
  m_Icon: {fileID: 0}
  m_NavMeshLayer: 0
  m_StaticEditorFlags: 0
  m_IsActive: 1
--- !u!4 &4726429633659454
Transform:
  m_ObjectHideFlags: 0
  m_CorrespondingSourceObject: {fileID: 0}
  m_PrefabInstance: {fileID: 0}
  m_PrefabAsset: {fileID: 0}
  m_GameObject: {fileID: 1329520448308880}
  m_LocalRotation: {x: -5.4033417e-10, y: 0.00000010543631, z: 0.44210365, w: 0.896964}
  m_LocalPosition: {x: -0, y: 0, z: 0}
  m_LocalScale: {x: 1, y: 1, z: 1}
  m_Children:
  - {fileID: 4016005350359256}
  m_Father: {fileID: 4934709992206218}
  m_RootOrder: 2
  m_LocalEulerAnglesHint: {x: -0.10446675, y: 0.45933118, z: 31.556139}
--- !u!1 &1403942012693732
GameObject:
  m_ObjectHideFlags: 0
  m_CorrespondingSourceObject: {fileID: 0}
  m_PrefabInstance: {fileID: 0}
  m_PrefabAsset: {fileID: 0}
  serializedVersion: 6
  m_Component:
  - component: {fileID: 4709201070735134}
  m_Layer: 0
  m_Name: RigLLeg1
  m_TagString: Untagged
  m_Icon: {fileID: 0}
  m_NavMeshLayer: 0
  m_StaticEditorFlags: 0
  m_IsActive: 1
--- !u!4 &4709201070735134
Transform:
  m_ObjectHideFlags: 0
  m_CorrespondingSourceObject: {fileID: 0}
  m_PrefabInstance: {fileID: 0}
  m_PrefabAsset: {fileID: 0}
  m_GameObject: {fileID: 1403942012693732}
  m_LocalRotation: {x: -0.6101165, y: 0.7843409, z: -0.027990783, w: 0.108553015}
  m_LocalPosition: {x: -0.004194665, y: 0.0525656, z: 0.052873462}
  m_LocalScale: {x: 0.99999994, y: 1, z: 1}
  m_Children:
  - {fileID: 4824906945813688}
  m_Father: {fileID: 4934709992206218}
  m_RootOrder: 0
  m_LocalEulerAnglesHint: {x: -15.432807, y: 177.21156, z: -130.55539}
--- !u!1 &1405209552365376
GameObject:
  m_ObjectHideFlags: 0
  m_CorrespondingSourceObject: {fileID: 0}
  m_PrefabInstance: {fileID: 0}
  m_PrefabAsset: {fileID: 0}
  serializedVersion: 6
  m_Component:
  - component: {fileID: 4111610558296540}
  m_Layer: 0
  m_Name: RigRLeg1
  m_TagString: Untagged
  m_Icon: {fileID: 0}
  m_NavMeshLayer: 0
  m_StaticEditorFlags: 0
  m_IsActive: 1
--- !u!4 &4111610558296540
Transform:
  m_ObjectHideFlags: 0
  m_CorrespondingSourceObject: {fileID: 0}
  m_PrefabInstance: {fileID: 0}
  m_PrefabAsset: {fileID: 0}
  m_GameObject: {fileID: 1405209552365376}
  m_LocalRotation: {x: -0.42390084, y: 0.90017366, z: 0.063202, w: -0.07746634}
  m_LocalPosition: {x: -0.0041946494, y: 0.05256558, z: -0.052873485}
  m_LocalScale: {x: 0.9999999, y: 0.9999999, z: 1}
  m_Children:
  - {fileID: 4838191212526148}
  m_Father: {fileID: 4934709992206218}
  m_RootOrder: 1
  m_LocalEulerAnglesHint: {x: -2.0002933, y: -167.87086, z: -52.218925}
--- !u!1 &1483971705230866
GameObject:
  m_ObjectHideFlags: 0
  m_CorrespondingSourceObject: {fileID: 0}
  m_PrefabInstance: {fileID: 0}
  m_PrefabAsset: {fileID: 0}
  serializedVersion: 6
  m_Component:
  - component: {fileID: 4411564350868700}
  m_Layer: 0
  m_Name: RigRArm1
  m_TagString: Untagged
  m_Icon: {fileID: 0}
  m_NavMeshLayer: 0
  m_StaticEditorFlags: 0
  m_IsActive: 1
--- !u!4 &4411564350868700
Transform:
  m_ObjectHideFlags: 0
  m_CorrespondingSourceObject: {fileID: 0}
  m_PrefabInstance: {fileID: 0}
  m_PrefabAsset: {fileID: 0}
  m_GameObject: {fileID: 1483971705230866}
  m_LocalRotation: {x: 0.24074562, y: 0.9691998, z: 0.012510963, w: -0.05036695}
  m_LocalPosition: {x: 0.010181427, y: -0.007916775, z: -0.118539535}
  m_LocalScale: {x: 0.99999994, y: 1, z: 1}
  m_Children:
  - {fileID: 4961337131067336}
  m_Father: {fileID: 4016005350359256}
  m_RootOrder: 2
  m_LocalEulerAnglesHint: {x: -11.465971, y: -154.65585, z: 25.849636}
--- !u!1 &1532233678405772
GameObject:
  m_ObjectHideFlags: 0
  m_CorrespondingSourceObject: {fileID: 0}
  m_PrefabInstance: {fileID: 0}
  m_PrefabAsset: {fileID: 0}
  serializedVersion: 6
  m_Component:
  - component: {fileID: 4934709992206218}
  m_Layer: 0
  m_Name: RigPelvis
  m_TagString: Untagged
  m_Icon: {fileID: 0}
  m_NavMeshLayer: 0
  m_StaticEditorFlags: 0
  m_IsActive: 1
--- !u!4 &4934709992206218
Transform:
  m_ObjectHideFlags: 0
  m_CorrespondingSourceObject: {fileID: 0}
  m_PrefabInstance: {fileID: 0}
  m_PrefabAsset: {fileID: 0}
  m_GameObject: {fileID: 1532233678405772}
  m_LocalRotation: {x: -0.66913044, y: 0.00045541162, z: 0.74314475, w: -0.00050557556}
  m_LocalPosition: {x: -0.0000000010158515, y: 0.120293826, z: -0.023240404}
  m_LocalScale: {x: 1, y: 1, z: 1}
  m_Children:
  - {fileID: 4709201070735134}
  - {fileID: 4111610558296540}
  - {fileID: 4726429633659454}
  - {fileID: 4834939201994840}
  m_Father: {fileID: 4303844821561524}
  m_RootOrder: 2
  m_LocalEulerAnglesHint: {x: 1.2908616, y: -89.715195, z: 158.00502}
--- !u!1 &1570336889569132
GameObject:
  m_ObjectHideFlags: 0
  m_CorrespondingSourceObject: {fileID: 0}
  m_PrefabInstance: {fileID: 0}
  m_PrefabAsset: {fileID: 0}
  serializedVersion: 6
  m_Component:
  - component: {fileID: 4555298684851868}
  m_Layer: 0
  m_Name: RigLLegFoot1
  m_TagString: Untagged
  m_Icon: {fileID: 0}
  m_NavMeshLayer: 0
  m_StaticEditorFlags: 0
  m_IsActive: 1
--- !u!4 &4555298684851868
Transform:
  m_ObjectHideFlags: 0
  m_CorrespondingSourceObject: {fileID: 0}
  m_PrefabInstance: {fileID: 0}
  m_PrefabAsset: {fileID: 0}
  m_GameObject: {fileID: 1570336889569132}
  m_LocalRotation: {x: -0.0000047660355, y: 0.00000587546, z: -0.6291499, w: 0.77728397}
  m_LocalPosition: {x: -0.02120867, y: 5.9604643e-10, z: 0}
  m_LocalScale: {x: 1, y: 1, z: 1}
  m_Children: []
  m_Father: {fileID: 4431259306281654}
  m_RootOrder: 0
  m_LocalEulerAnglesHint: {x: -0.0000022296806, y: 0.0104081035, z: -77.992195}
--- !u!1 &1574346125936874
GameObject:
  m_ObjectHideFlags: 0
  m_CorrespondingSourceObject: {fileID: 0}
  m_PrefabInstance: {fileID: 0}
  m_PrefabAsset: {fileID: 0}
  serializedVersion: 6
  m_Component:
  - component: {fileID: 4677390999235134}
  m_Layer: 0
  m_Name: Rig
  m_TagString: Untagged
  m_Icon: {fileID: 0}
  m_NavMeshLayer: 0
  m_StaticEditorFlags: 0
  m_IsActive: 1
--- !u!4 &4677390999235134
Transform:
  m_ObjectHideFlags: 0
  m_CorrespondingSourceObject: {fileID: 0}
  m_PrefabInstance: {fileID: 0}
  m_PrefabAsset: {fileID: 0}
  m_GameObject: {fileID: 1574346125936874}
  m_LocalRotation: {x: 0.50000006, y: -0.50000006, z: -0.49999997, w: 0.49999997}
  m_LocalPosition: {x: -0, y: 0, z: 0}
  m_LocalScale: {x: 1, y: 1, z: 1}
  m_Children: []
  m_Father: {fileID: 4303844821561524}
  m_RootOrder: 0
  m_LocalEulerAnglesHint: {x: 0, y: -90.00001, z: -90}
--- !u!1 &1585147985598378
GameObject:
  m_ObjectHideFlags: 0
  m_CorrespondingSourceObject: {fileID: 0}
  m_PrefabInstance: {fileID: 0}
  m_PrefabAsset: {fileID: 0}
  serializedVersion: 6
  m_Component:
  - component: {fileID: 4143754336944544}
  m_Layer: 0
  m_Name: RigHead
  m_TagString: Untagged
  m_Icon: {fileID: 0}
  m_NavMeshLayer: 0
  m_StaticEditorFlags: 0
  m_IsActive: 1
--- !u!4 &4143754336944544
Transform:
  m_ObjectHideFlags: 0
  m_CorrespondingSourceObject: {fileID: 0}
  m_PrefabInstance: {fileID: 0}
  m_PrefabAsset: {fileID: 0}
  m_GameObject: {fileID: 1585147985598378}
  m_LocalRotation: {x: 0.035819408, y: 0.00819168, z: 0.12698482, w: 0.9912239}
  m_LocalPosition: {x: -0.10429639, y: 0.000000009536743, z: -5.9604643e-10}
  m_LocalScale: {x: 0.99999994, y: 0.99999994, z: 1}
  m_Children: []
  m_Father: {fileID: 4943424213158940}
  m_RootOrder: 0
  m_LocalEulerAnglesHint: {x: 3.1296463, y: 1.6045272, z: 15.249028}
--- !u!1 &1597521521890808
GameObject:
  m_ObjectHideFlags: 0
  m_CorrespondingSourceObject: {fileID: 0}
  m_PrefabInstance: {fileID: 0}
  m_PrefabAsset: {fileID: 0}
  serializedVersion: 6
  m_Component:
  - component: {fileID: 4431259306281654}
  m_Layer: 0
  m_Name: RigLLegAnkle
  m_TagString: Untagged
  m_Icon: {fileID: 0}
  m_NavMeshLayer: 0
  m_StaticEditorFlags: 0
  m_IsActive: 1
--- !u!4 &4431259306281654
Transform:
  m_ObjectHideFlags: 0
  m_CorrespondingSourceObject: {fileID: 0}
  m_PrefabInstance: {fileID: 0}
  m_PrefabAsset: {fileID: 0}
  m_GameObject: {fileID: 1597521521890808}
  m_LocalRotation: {x: -0.030613285, y: -0.10153861, z: 0.2587664, w: 0.96010035}
  m_LocalPosition: {x: -0.023998154, y: 0.0000000011920929, z: 0.0000000047683715}
  m_LocalScale: {x: 1.0000001, y: 1.0000002, z: 1.0000001}
  m_Children:
  - {fileID: 4555298684851868}
  m_Father: {fileID: 4824906945813688}
  m_RootOrder: 0
  m_LocalEulerAnglesHint: {x: 6.512008, y: -12.413117, z: 68.51611}
--- !u!1 &1705211280706884
GameObject:
  m_ObjectHideFlags: 0
  m_CorrespondingSourceObject: {fileID: 0}
  m_PrefabInstance: {fileID: 0}
  m_PrefabAsset: {fileID: 0}
  serializedVersion: 6
  m_Component:
  - component: {fileID: 4050376775674420}
  m_Layer: 0
  m_Name: RigRLegFoot1
  m_TagString: Untagged
  m_Icon: {fileID: 0}
  m_NavMeshLayer: 0
  m_StaticEditorFlags: 0
  m_IsActive: 1
--- !u!4 &4050376775674420
Transform:
  m_ObjectHideFlags: 0
  m_CorrespondingSourceObject: {fileID: 0}
  m_PrefabInstance: {fileID: 0}
  m_PrefabAsset: {fileID: 0}
  m_GameObject: {fileID: 1705211280706884}
  m_LocalRotation: {x: 0.00007587234, y: -0.00009382181, z: -0.62939966, w: 0.7770818}
  m_LocalPosition: {x: -0.02120867, y: 0.0000000023841857, z: 0.0000000047683715}
  m_LocalScale: {x: 1, y: 0.99999994, z: 1}
  m_Children: []
  m_Father: {fileID: 4694446946191148}
  m_RootOrder: 0
  m_LocalEulerAnglesHint: {x: 0.0000039754964, y: -0.0109372875, z: -77.99211}
--- !u!1 &1765684605781944
GameObject:
  m_ObjectHideFlags: 0
  m_CorrespondingSourceObject: {fileID: 0}
  m_PrefabInstance: {fileID: 0}
  m_PrefabAsset: {fileID: 0}
  serializedVersion: 6
  m_Component:
  - component: {fileID: 4961337131067336}
  m_Layer: 0
  m_Name: RigRArm2
  m_TagString: Untagged
  m_Icon: {fileID: 0}
  m_NavMeshLayer: 0
  m_StaticEditorFlags: 0
  m_IsActive: 1
--- !u!4 &4961337131067336
Transform:
  m_ObjectHideFlags: 0
  m_CorrespondingSourceObject: {fileID: 0}
  m_PrefabInstance: {fileID: 0}
  m_PrefabAsset: {fileID: 0}
  m_GameObject: {fileID: 1765684605781944}
  m_LocalRotation: {x: -0.01301698, y: -0.08783499, z: 0.435188, w: 0.8959503}
  m_LocalPosition: {x: -0.08368718, y: -0.000000009536743, z: -0.000000009536743}
  m_LocalScale: {x: 1.0000001, y: 0.9999999, z: 1}
  m_Children: []
  m_Father: {fileID: 4411564350868700}
  m_RootOrder: 0
  m_LocalEulerAnglesHint: {x: 3.0452373, y: -9.727338, z: 51.5551}
--- !u!1 &1787828593283044
GameObject:
  m_ObjectHideFlags: 0
  m_CorrespondingSourceObject: {fileID: 0}
  m_PrefabInstance: {fileID: 0}
  m_PrefabAsset: {fileID: 0}
  serializedVersion: 6
  m_Component:
  - component: {fileID: 4568355531208036}
  m_Layer: 0
  m_Name: RigTail2
  m_TagString: Untagged
  m_Icon: {fileID: 0}
  m_NavMeshLayer: 0
  m_StaticEditorFlags: 0
  m_IsActive: 1
--- !u!4 &4568355531208036
Transform:
  m_ObjectHideFlags: 0
  m_CorrespondingSourceObject: {fileID: 0}
  m_PrefabInstance: {fileID: 0}
  m_PrefabAsset: {fileID: 0}
  m_GameObject: {fileID: 1787828593283044}
  m_LocalRotation: {x: -0.000000046019615, y: -0.00000011102928, z: -0.14284241, w: 0.98974544}
  m_LocalPosition: {x: -0.066936836, y: 0.000000009536743, z: -0.000000001490116}
  m_LocalScale: {x: 0.9999999, y: 0.9999999, z: 1}
  m_Children: []
  m_Father: {fileID: 4834939201994840}
  m_RootOrder: 0
  m_LocalEulerAnglesHint: {x: 1.468364, y: 2.9778523, z: -30.760725}
--- !u!1 &1954101727360016
GameObject:
  m_ObjectHideFlags: 0
  m_CorrespondingSourceObject: {fileID: 0}
  m_PrefabInstance: {fileID: 0}
  m_PrefabAsset: {fileID: 0}
  serializedVersion: 6
  m_Component:
  - component: {fileID: 4478420414240470}
  m_Layer: 0
  m_Name: RigLArm1
  m_TagString: Untagged
  m_Icon: {fileID: 0}
  m_NavMeshLayer: 0
  m_StaticEditorFlags: 0
  m_IsActive: 1
--- !u!4 &4478420414240470
Transform:
  m_ObjectHideFlags: 0
  m_CorrespondingSourceObject: {fileID: 0}
  m_PrefabInstance: {fileID: 0}
  m_PrefabAsset: {fileID: 0}
  m_GameObject: {fileID: 1954101727360016}
  m_LocalRotation: {x: 0.24074562, y: 0.9691998, z: -0.012510963, w: 0.05036695}
  m_LocalPosition: {x: 0.010181407, y: -0.007916765, z: 0.118539535}
  m_LocalScale: {x: 1, y: 0.99999994, z: 1}
  m_Children:
  - {fileID: 4828843303752404}
  m_Father: {fileID: 4016005350359256}
  m_RootOrder: 0
  m_LocalEulerAnglesHint: {x: 9.23666, y: 159.92744, z: 26.819778}
--- !u!1 &1956963007823992
GameObject:
  m_ObjectHideFlags: 0
  m_CorrespondingSourceObject: {fileID: 0}
  m_PrefabInstance: {fileID: 0}
  m_PrefabAsset: {fileID: 0}
  serializedVersion: 6
  m_Component:
  - component: {fileID: 4943424213158940}
  m_Layer: 0
  m_Name: RigNeck
  m_TagString: Untagged
  m_Icon: {fileID: 0}
  m_NavMeshLayer: 0
  m_StaticEditorFlags: 0
  m_IsActive: 1
--- !u!4 &4943424213158940
Transform:
  m_ObjectHideFlags: 0
  m_CorrespondingSourceObject: {fileID: 0}
  m_PrefabInstance: {fileID: 0}
  m_PrefabAsset: {fileID: 0}
  m_GameObject: {fileID: 1956963007823992}
  m_LocalRotation: {x: 0.035960555, y: 0.006125977, z: 0.09881138, w: 0.99443734}
  m_LocalPosition: {x: -0, y: 0, z: 0}
  m_LocalScale: {x: 1, y: 1, z: 1}
  m_Children:
  - {fileID: 4143754336944544}
  m_Father: {fileID: 4016005350359256}
  m_RootOrder: 1
  m_LocalEulerAnglesHint: {x: 3.2381387, y: -1.0008582, z: -26.586723}
--- !u!1 &1973775909470836
GameObject:
  m_ObjectHideFlags: 0
  m_CorrespondingSourceObject: {fileID: 0}
  m_PrefabInstance: {fileID: 0}
  m_PrefabAsset: {fileID: 0}
  serializedVersion: 6
  m_Component:
  - component: {fileID: 4667570188774346}
  m_Layer: 0
  m_Name: RigLLegPlatform
  m_TagString: Untagged
  m_Icon: {fileID: 0}
  m_NavMeshLayer: 0
  m_StaticEditorFlags: 0
  m_IsActive: 1
--- !u!4 &4667570188774346
Transform:
  m_ObjectHideFlags: 0
  m_CorrespondingSourceObject: {fileID: 0}
  m_PrefabInstance: {fileID: 0}
  m_PrefabAsset: {fileID: 0}
  m_GameObject: {fileID: 1973775909470836}
  m_LocalRotation: {x: 0.5254828, y: -0.5254828, z: -0.4731468, w: 0.4731468}
  m_LocalPosition: {x: -0.054115757, y: -0.000000004489104, z: 0.0005027413}
  m_LocalScale: {x: 1, y: 1, z: 1}
  m_Children: []
  m_Father: {fileID: 4303844821561524}
  m_RootOrder: 1
  m_LocalEulerAnglesHint: {x: 0, y: -96, z: -90}
