%YAML 1.1
%TAG !u! tag:unity3d.com,2011:
--- !u!1 &1090722309685604
GameObject:
  m_ObjectHideFlags: 0
  m_CorrespondingSourceObject: {fileID: 0}
  m_PrefabInstance: {fileID: 0}
  m_PrefabAsset: {fileID: 0}
  serializedVersion: 6
  m_Component:
  - component: {fileID: 4754589850445132}
  m_Layer: 0
  m_Name: RigHead
  m_TagString: Untagged
  m_Icon: {fileID: 0}
  m_NavMeshLayer: 0
  m_StaticEditorFlags: 0
  m_IsActive: 1
--- !u!4 &4754589850445132
Transform:
  m_ObjectHideFlags: 0
  m_CorrespondingSourceObject: {fileID: 0}
  m_PrefabInstance: {fileID: 0}
  m_PrefabAsset: {fileID: 0}
  m_GameObject: {fileID: 1090722309685604}
  m_LocalRotation: {x: 0.047160175, y: 0.01413514, z: 0.14147094, w: 0.9887174}
  m_LocalPosition: {x: -0.05253578, y: -0.0000000023841857, z: 2.842171e-16}
  m_LocalScale: {x: 1.0000001, y: 1.0000001, z: 1}
  m_Children: []
  m_Father: {fileID: 4001457575658186}
  m_RootOrder: 0
  m_LocalEulerAnglesHint: {x: 3.9922216, y: 2.8196049, z: 9.949239}
--- !u!1 &1196542995831438
GameObject:
  m_ObjectHideFlags: 0
  m_CorrespondingSourceObject: {fileID: 0}
  m_PrefabInstance: {fileID: 0}
  m_PrefabAsset: {fileID: 0}
  serializedVersion: 6
  m_Component:
  - component: {fileID: 4612685626795996}
  m_Layer: 0
  m_Name: RigRLeg1
  m_TagString: Untagged
  m_Icon: {fileID: 0}
  m_NavMeshLayer: 0
  m_StaticEditorFlags: 0
  m_IsActive: 1
--- !u!4 &4612685626795996
Transform:
  m_ObjectHideFlags: 0
  m_CorrespondingSourceObject: {fileID: 0}
  m_PrefabInstance: {fileID: 0}
  m_PrefabAsset: {fileID: 0}
  m_GameObject: {fileID: 1196542995831438}
  m_LocalRotation: {x: -0.5658481, y: 0.8155371, z: 0.052324146, w: -0.10944122}
  m_LocalPosition: {x: 0.0031504272, y: 0.049167942, z: -0.031554442}
  m_LocalScale: {x: 1.0000001, y: 1, z: 1}
  m_Children:
  - {fileID: 4318910620006366}
  m_Father: {fileID: 4635257843149892}
  m_RootOrder: 1
  m_LocalEulerAnglesHint: {x: 4.23851, y: -169.85898, z: -113.68051}
--- !u!1 &1219788672176026
GameObject:
  m_ObjectHideFlags: 0
  m_CorrespondingSourceObject: {fileID: 0}
  m_PrefabInstance: {fileID: 0}
  m_PrefabAsset: {fileID: 0}
  serializedVersion: 6
  m_Component:
  - component: {fileID: 4099516962704626}
  m_Layer: 0
  m_Name: RigLLeg1
  m_TagString: Untagged
  m_Icon: {fileID: 0}
  m_NavMeshLayer: 0
  m_StaticEditorFlags: 0
  m_IsActive: 1
--- !u!4 &4099516962704626
Transform:
  m_ObjectHideFlags: 0
  m_CorrespondingSourceObject: {fileID: 0}
  m_PrefabInstance: {fileID: 0}
  m_PrefabAsset: {fileID: 0}
  m_GameObject: {fileID: 1219788672176026}
  m_LocalRotation: {x: 0.70744765, y: -0.6958604, z: 0.047593016, w: -0.1141542}
  m_LocalPosition: {x: 0.003150422, y: 0.049167946, z: 0.031554442}
  m_LocalScale: {x: 1, y: 1.0000001, z: 1}
  m_Children:
  - {fileID: 4914306490076216}
  m_Father: {fileID: 4635257843149892}
  m_RootOrder: 0
  m_LocalEulerAnglesHint: {x: -23.716291, y: 176.49295, z: -144.0238}
--- !u!1 &1238433591046712
GameObject:
  m_ObjectHideFlags: 0
  m_CorrespondingSourceObject: {fileID: 0}
  m_PrefabInstance: {fileID: 0}
  m_PrefabAsset: {fileID: 0}
  serializedVersion: 6
  m_Component:
  - component: {fileID: 4462740688008846}
  m_Layer: 0
  m_Name: RigLLegPlatform
  m_TagString: Untagged
  m_Icon: {fileID: 0}
  m_NavMeshLayer: 0
  m_StaticEditorFlags: 0
  m_IsActive: 1
--- !u!4 &4462740688008846
Transform:
  m_ObjectHideFlags: 0
  m_CorrespondingSourceObject: {fileID: 0}
  m_PrefabInstance: {fileID: 0}
  m_PrefabAsset: {fileID: 0}
  m_GameObject: {fileID: 1238433591046712}
  m_LocalRotation: {x: 0.4230793, y: -0.4230793, z: -0.56657207, w: 0.56657207}
  m_LocalPosition: {x: -0.032502547, y: -0.0000000012688663, z: 0.0013223403}
  m_LocalScale: {x: 1, y: 1, z: 1}
  m_Children: []
  m_Father: {fileID: 4429102427960218}
  m_RootOrder: 1
  m_LocalEulerAnglesHint: {x: 0, y: 0, z: 0}
--- !u!1 &1277793154559422
GameObject:
  m_ObjectHideFlags: 0
  m_CorrespondingSourceObject: {fileID: 0}
  m_PrefabInstance: {fileID: 0}
  m_PrefabAsset: {fileID: 0}
  serializedVersion: 6
  m_Component:
  - component: {fileID: 4689164332181960}
  m_Layer: 0
  m_Name: RigRLegPlatform
  m_TagString: Untagged
  m_Icon: {fileID: 0}
  m_NavMeshLayer: 0
  m_StaticEditorFlags: 0
  m_IsActive: 1
--- !u!4 &4689164332181960
Transform:
  m_ObjectHideFlags: 0
  m_CorrespondingSourceObject: {fileID: 0}
  m_PrefabInstance: {fileID: 0}
  m_PrefabAsset: {fileID: 0}
  m_GameObject: {fileID: 1277793154559422}
  m_LocalRotation: {x: 0.4798245, y: -0.4798245, z: -0.5193924, w: 0.5193924}
  m_LocalPosition: {x: 0.032008, y: -3.083801e-10, z: -0.020651052}
  m_LocalScale: {x: 1, y: 1, z: 1}
  m_Children: []
  m_Father: {fileID: 4429102427960218}
  m_RootOrder: 3
  m_LocalEulerAnglesHint: {x: 0, y: 0, z: 0}
--- !u!1 &1311521847767356
GameObject:
  m_ObjectHideFlags: 0
  m_CorrespondingSourceObject: {fileID: 0}
  m_PrefabInstance: {fileID: 0}
  m_PrefabAsset: {fileID: 0}
  serializedVersion: 6
  m_Component:
  - component: {fileID: 4318910620006366}
  m_Layer: 0
  m_Name: RigRLeg2
  m_TagString: Untagged
  m_Icon: {fileID: 0}
  m_NavMeshLayer: 0
  m_StaticEditorFlags: 0
  m_IsActive: 1
--- !u!4 &4318910620006366
Transform:
  m_ObjectHideFlags: 0
  m_CorrespondingSourceObject: {fileID: 0}
  m_PrefabInstance: {fileID: 0}
  m_PrefabAsset: {fileID: 0}
  m_GameObject: {fileID: 1311521847767356}
  m_LocalRotation: {x: 0.10016163, y: -0.06747835, z: 0.32275257, w: 0.9387466}
  m_LocalPosition: {x: -0.02397314, y: 0, z: -0.0000000047683715}
  m_LocalScale: {x: 1.0000035, y: 0.9999968, z: 1}
  m_Children:
  - {fileID: 4885651054027912}
  m_Father: {fileID: 4612685626795996}
  m_RootOrder: 0
  m_LocalEulerAnglesHint: {x: 16.299688, y: -5.7446256, z: 72.929214}
--- !u!1 &1464708642032188
GameObject:
  m_ObjectHideFlags: 0
  m_CorrespondingSourceObject: {fileID: 0}
  m_PrefabInstance: {fileID: 0}
  m_PrefabAsset: {fileID: 0}
  serializedVersion: 6
  m_Component:
  - component: {fileID: 4741723823790264}
  m_Layer: 0
  m_Name: RigRibcage
  m_TagString: Untagged
  m_Icon: {fileID: 0}
  m_NavMeshLayer: 0
  m_StaticEditorFlags: 0
  m_IsActive: 1
--- !u!4 &4741723823790264
Transform:
  m_ObjectHideFlags: 0
  m_CorrespondingSourceObject: {fileID: 0}
  m_PrefabInstance: {fileID: 0}
  m_PrefabAsset: {fileID: 0}
  m_GameObject: {fileID: 1464708642032188}
  m_LocalRotation: {x: 4.9929766e-10, y: 0.000000038755108, z: 0.22193286, w: 0.97506195}
  m_LocalPosition: {x: -0.04870487, y: 0, z: -1.1368684e-15}
  m_LocalScale: {x: 1, y: 1.0000001, z: 1.0000001}
  m_Children:
  - {fileID: 4001457575658186}
  m_Father: {fileID: 4857051882093074}
  m_RootOrder: 0
  m_LocalEulerAnglesHint: {x: -2.2796612, y: 1.4664451, z: 7.1211534}
--- !u!1 &1485325965543456
GameObject:
  m_ObjectHideFlags: 0
  m_CorrespondingSourceObject: {fileID: 0}
  m_PrefabInstance: {fileID: 0}
  m_PrefabAsset: {fileID: 0}
  serializedVersion: 6
  m_Component:
  - component: {fileID: 4635257843149892}
  m_Layer: 0
  m_Name: RigPelvis
  m_TagString: Untagged
  m_Icon: {fileID: 0}
  m_NavMeshLayer: 0
  m_StaticEditorFlags: 0
  m_IsActive: 1
--- !u!4 &4635257843149892
Transform:
  m_ObjectHideFlags: 0
  m_CorrespondingSourceObject: {fileID: 0}
  m_PrefabInstance: {fileID: 0}
  m_PrefabAsset: {fileID: 0}
  m_GameObject: {fileID: 1485325965543456}
  m_LocalRotation: {x: -0.63102084, y: 0.046137664, z: 0.7723311, w: -0.05646948}
  m_LocalPosition: {x: -2.1213707e-10, y: 0.09541241, z: -0.0048533687}
  m_LocalScale: {x: 1, y: 1, z: 1}
  m_Children:
  - {fileID: 4099516962704626}
  - {fileID: 4612685626795996}
  - {fileID: 4857051882093074}
  - {fileID: 4038867685881642}
  m_Father: {fileID: 4429102427960218}
  m_RootOrder: 2
  m_LocalEulerAnglesHint: {x: 2.8469374, y: -83.667946, z: 172.06496}
--- !u!1 &1487214972516236
GameObject:
  m_ObjectHideFlags: 0
  m_CorrespondingSourceObject: {fileID: 0}
  m_PrefabInstance: {fileID: 0}
  m_PrefabAsset: {fileID: 0}
  serializedVersion: 6
  m_Component:
  - component: {fileID: 4330686246639032}
  - component: {fileID: 137113936749643618}
  m_Layer: 0
  m_Name: Toon Chick
  m_TagString: Untagged
  m_Icon: {fileID: 0}
  m_NavMeshLayer: 0
  m_StaticEditorFlags: 0
  m_IsActive: 1
--- !u!4 &4330686246639032
Transform:
  m_ObjectHideFlags: 0
  m_CorrespondingSourceObject: {fileID: 0}
  m_PrefabInstance: {fileID: 0}
  m_PrefabAsset: {fileID: 0}
  m_GameObject: {fileID: 1487214972516236}
  m_LocalRotation: {x: -0.7071068, y: 0, z: -0, w: 0.7071068}
  m_LocalPosition: {x: -0, y: 0.0000000072630106, z: 0}
  m_LocalScale: {x: 1, y: 1, z: 1}
  m_Children: []
  m_Father: {fileID: 4429102427960218}
  m_RootOrder: 4
  m_LocalEulerAnglesHint: {x: 0, y: 0, z: 0}
--- !u!137 &137113936749643618
SkinnedMeshRenderer:
  m_ObjectHideFlags: 0
  m_CorrespondingSourceObject: {fileID: 0}
  m_PrefabInstance: {fileID: 0}
  m_PrefabAsset: {fileID: 0}
  m_GameObject: {fileID: 1487214972516236}
  m_Enabled: 1
  m_CastShadows: 1
  m_ReceiveShadows: 1
  m_DynamicOccludee: 1
  m_MotionVectors: 1
  m_LightProbeUsage: 1
  m_ReflectionProbeUsage: 1
  m_RenderingLayerMask: 4294967295
  m_RendererPriority: 0
  m_Materials:
  - {fileID: 2100000, guid: 97c0b6c1a6ec7734c93742ce798b8718, type: 2}
  m_StaticBatchInfo:
    firstSubMesh: 0
    subMeshCount: 0
  m_StaticBatchRoot: {fileID: 0}
  m_ProbeAnchor: {fileID: 0}
  m_LightProbeVolumeOverride: {fileID: 0}
  m_ScaleInLightmap: 1
  m_ReceiveGI: 1
  m_PreserveUVs: 0
  m_IgnoreNormalsForChartDetection: 0
  m_ImportantGI: 0
  m_StitchLightmapSeams: 0
  m_SelectedEditorRenderState: 3
  m_MinimumChartSize: 4
  m_AutoUVMaxDistance: 0.5
  m_AutoUVMaxAngle: 89
  m_LightmapParameters: {fileID: 0}
  m_SortingLayerID: 0
  m_SortingLayer: 0
  m_SortingOrder: 0
  serializedVersion: 2
  m_Quality: 0
  m_UpdateWhenOffscreen: 0
  m_SkinnedMotionVectors: 1
  m_Mesh: {fileID: 4300000, guid: e305663a1d36e9c469b164b3b8094239, type: 3}
  m_Bones:
  - {fileID: 4741723823790264}
  - {fileID: 4754589850445132}
  - {fileID: 4038867685881642}
  - {fileID: 4649810689546654}
  - {fileID: 4099516962704626}
  - {fileID: 4635257843149892}
  - {fileID: 4612685626795996}
  - {fileID: 4885651054027912}
  - {fileID: 4896696964894132}
  - {fileID: 4318910620006366}
  - {fileID: 4221682790239734}
  - {fileID: 4849673033213242}
  - {fileID: 4914306490076216}
  m_BlendShapeWeights: []
  m_RootBone: {fileID: 4635257843149892}
  m_AABB:
    m_Center: {x: -0.011104699, y: -0.008855984, z: 0.000000022351742}
    m_Extent: {x: 0.1312188, y: 0.11710434, z: 0.06330613}
  m_DirtyAABB: 0
--- !u!1 &1555205357679088
GameObject:
  m_ObjectHideFlags: 0
  m_CorrespondingSourceObject: {fileID: 0}
  m_PrefabInstance: {fileID: 0}
  m_PrefabAsset: {fileID: 0}
  serializedVersion: 6
  m_Component:
  - component: {fileID: 4649810689546654}
  m_Layer: 0
  m_Name: RigTail2
  m_TagString: Untagged
  m_Icon: {fileID: 0}
  m_NavMeshLayer: 0
  m_StaticEditorFlags: 0
  m_IsActive: 1
--- !u!4 &4649810689546654
Transform:
  m_ObjectHideFlags: 0
  m_CorrespondingSourceObject: {fileID: 0}
  m_PrefabInstance: {fileID: 0}
  m_PrefabAsset: {fileID: 0}
  m_GameObject: {fileID: 1555205357679088}
  m_LocalRotation: {x: -0.00000005056545, y: -0.00000005931978, z: -0.1897157, w: 0.9818391}
  m_LocalPosition: {x: -0.05256573, y: 0, z: 6.82121e-15}
  m_LocalScale: {x: 1.0000001, y: 1.0000001, z: 1}
  m_Children: []
  m_Father: {fileID: 4038867685881642}
  m_RootOrder: 0
  m_LocalEulerAnglesHint: {x: 3.5592916, y: -4.614576, z: -20.487904}
--- !u!1 &1603120834192508
GameObject:
  m_ObjectHideFlags: 0
  m_CorrespondingSourceObject: {fileID: 0}
  m_PrefabInstance: {fileID: 0}
  m_PrefabAsset: {fileID: 0}
  serializedVersion: 6
  m_Component:
  - component: {fileID: 4038867685881642}
  m_Layer: 0
  m_Name: RigTail1
  m_TagString: Untagged
  m_Icon: {fileID: 0}
  m_NavMeshLayer: 0
  m_StaticEditorFlags: 0
  m_IsActive: 1
--- !u!4 &4038867685881642
Transform:
  m_ObjectHideFlags: 0
  m_CorrespondingSourceObject: {fileID: 0}
  m_PrefabInstance: {fileID: 0}
  m_PrefabAsset: {fileID: 0}
  m_GameObject: {fileID: 1603120834192508}
  m_LocalRotation: {x: 0.00000010157819, y: 0.0000002343073, z: 0.9245836, w: 0.38097918}
  m_LocalPosition: {x: 0.022652736, y: 0.0016799545, z: -3.2709976e-10}
  m_LocalScale: {x: 1.0000001, y: 1.0000001, z: 1}
  m_Children:
  - {fileID: 4649810689546654}
  m_Father: {fileID: 4635257843149892}
  m_RootOrder: 3
  m_LocalEulerAnglesHint: {x: 0.8849727, y: 5.8125396, z: 136.6391}
--- !u!1 &1619191334028116
GameObject:
  m_ObjectHideFlags: 0
  m_CorrespondingSourceObject: {fileID: 0}
  m_PrefabInstance: {fileID: 0}
  m_PrefabAsset: {fileID: 0}
  serializedVersion: 6
  m_Component:
  - component: {fileID: 4857051882093074}
  m_Layer: 0
  m_Name: RigSpine
  m_TagString: Untagged
  m_Icon: {fileID: 0}
  m_NavMeshLayer: 0
  m_StaticEditorFlags: 0
  m_IsActive: 1
--- !u!4 &4857051882093074
Transform:
  m_ObjectHideFlags: 0
  m_CorrespondingSourceObject: {fileID: 0}
  m_PrefabInstance: {fileID: 0}
  m_PrefabAsset: {fileID: 0}
  m_GameObject: {fileID: 1619191334028116}
  m_LocalRotation: {x: -0.00000001911506, y: 0.0000000372133, z: 0.21554054, w: 0.9764949}
  m_LocalPosition: {x: -0, y: 0, z: 0}
  m_LocalScale: {x: 0.99999994, y: 0.99999994, z: 0.99999994}
  m_Children:
  - {fileID: 4741723823790264}
  m_Father: {fileID: 4635257843149892}
  m_RootOrder: 2
  m_LocalEulerAnglesHint: {x: -2.2486646, y: 1.5095993, z: 6.3708606}
--- !u!1 &1641085102680434
GameObject:
  m_ObjectHideFlags: 0
  m_CorrespondingSourceObject: {fileID: 0}
  m_PrefabInstance: {fileID: 0}
  m_PrefabAsset: {fileID: 0}
  serializedVersion: 6
  m_Component:
  - component: {fileID: 4896696964894132}
  m_Layer: 0
  m_Name: RigRLegFoot1
  m_TagString: Untagged
  m_Icon: {fileID: 0}
  m_NavMeshLayer: 0
  m_StaticEditorFlags: 0
  m_IsActive: 1
--- !u!4 &4896696964894132
Transform:
  m_ObjectHideFlags: 0
  m_CorrespondingSourceObject: {fileID: 0}
  m_PrefabInstance: {fileID: 0}
  m_PrefabAsset: {fileID: 0}
  m_GameObject: {fileID: 1641085102680434}
  m_LocalRotation: {x: 0.000000014669874, y: -0.000000030639093, z: -0.6211074, w: 0.78372544}
  m_LocalPosition: {x: -0.013574711, y: 1.4901161e-10, z: 0}
  m_LocalScale: {x: 1.0000063, y: 0.99999374, z: 1.0000001}
  m_Children: []
  m_Father: {fileID: 4885651054027912}
  m_RootOrder: 0
  m_LocalEulerAnglesHint: {x: -0.0000020979055, y: -0.000004064875, z: -76.79409}
--- !u!1 &1721347007416664
GameObject:
  m_ObjectHideFlags: 0
  m_CorrespondingSourceObject: {fileID: 0}
  m_PrefabInstance: {fileID: 0}
  m_PrefabAsset: {fileID: 0}
  serializedVersion: 6
  m_Component:
  - component: {fileID: 4221682790239734}
  m_Layer: 0
  m_Name: RigLLegFoot1
  m_TagString: Untagged
  m_Icon: {fileID: 0}
  m_NavMeshLayer: 0
  m_StaticEditorFlags: 0
  m_IsActive: 1
--- !u!4 &4221682790239734
Transform:
  m_ObjectHideFlags: 0
  m_CorrespondingSourceObject: {fileID: 0}
  m_PrefabInstance: {fileID: 0}
  m_PrefabAsset: {fileID: 0}
  m_GameObject: {fileID: 1721347007416664}
  m_LocalRotation: {x: -0.000000047496513, y: -0.00000005742548, z: -0.62110627, w: 0.78372633}
  m_LocalPosition: {x: -0.013574717, y: -1.4901161e-10, z: 0}
  m_LocalScale: {x: 0.9999941, y: 1.000006, z: 1.0000001}
  m_Children: []
  m_Father: {fileID: 4849673033213242}
  m_RootOrder: 0
  m_LocalEulerAnglesHint: {x: 0.000001742546, y: -0.000531475, z: -76.81371}
--- !u!1 &1767663768970106
GameObject:
  m_ObjectHideFlags: 0
  m_CorrespondingSourceObject: {fileID: 0}
  m_PrefabInstance: {fileID: 0}
  m_PrefabAsset: {fileID: 0}
  serializedVersion: 6
  m_Component:
  - component: {fileID: 4429102427960218}
  - component: {fileID: 95777776565643564}
  - component: {fileID: 1853185551}
  - component: {fileID: 1853185550}
  - component: {fileID: 487206308}
  m_Layer: 0
  m_Name: Toon Chick
  m_TagString: Player
  m_Icon: {fileID: 0}
  m_NavMeshLayer: 0
  m_StaticEditorFlags: 0
  m_IsActive: 1
--- !u!4 &4429102427960218
Transform:
  m_ObjectHideFlags: 0
  m_CorrespondingSourceObject: {fileID: 0}
  m_PrefabInstance: {fileID: 0}
  m_PrefabAsset: {fileID: 0}
  m_GameObject: {fileID: 1767663768970106}
  m_LocalRotation: {x: 0, y: 0, z: 0, w: 1}
  m_LocalPosition: {x: 0, y: 0, z: 0}
  m_LocalScale: {x: 1, y: 1, z: 1}
  m_Children:
  - {fileID: 4923694095548416}
  - {fileID: 4462740688008846}
  - {fileID: 4635257843149892}
  - {fileID: 4689164332181960}
  - {fileID: 4330686246639032}
  m_Father: {fileID: 0}
  m_RootOrder: 0
  m_LocalEulerAnglesHint: {x: 0, y: 0, z: 0}
--- !u!95 &95777776565643564
Animator:
  serializedVersion: 3
  m_ObjectHideFlags: 0
  m_CorrespondingSourceObject: {fileID: 0}
  m_PrefabInstance: {fileID: 0}
  m_PrefabAsset: {fileID: 0}
  m_GameObject: {fileID: 1767663768970106}
  m_Enabled: 1
  m_Avatar: {fileID: 9000000, guid: e305663a1d36e9c469b164b3b8094239, type: 3}
  m_Controller: {fileID: 9100000, guid: 81ec749815f013748b3a5fb04da16ce0, type: 2}
  m_CullingMode: 1
  m_UpdateMode: 0
  m_ApplyRootMotion: 0
  m_LinearVelocityBlending: 0
  m_WarningMessage: 
  m_HasTransformHierarchy: 1
  m_AllowConstantClipSamplingOptimization: 1
  m_KeepAnimatorControllerStateOnDisable: 0
--- !u!54 &1853185551
Rigidbody:
  m_ObjectHideFlags: 0
  m_CorrespondingSourceObject: {fileID: 0}
  m_PrefabInstance: {fileID: 0}
  m_PrefabAsset: {fileID: 0}
  m_GameObject: {fileID: 1767663768970106}
  serializedVersion: 2
  m_Mass: 5
  m_Drag: 1
  m_AngularDrag: 1
  m_UseGravity: 1
  m_IsKinematic: 0
  m_Interpolate: 0
  m_Constraints: 112
  m_CollisionDetection: 0
--- !u!114 &1853185550
MonoBehaviour:
  m_ObjectHideFlags: 0
  m_CorrespondingSourceObject: {fileID: 0}
  m_PrefabInstance: {fileID: 0}
  m_PrefabAsset: {fileID: 0}
  m_GameObject: {fileID: 1767663768970106}
  m_Enabled: 1
  m_EditorHideFlags: 0
  m_Script: {fileID: 11500000, guid: 41df9196032af9b4296d8d4bf96f010f, type: 3}
  m_Name: 
  m_EditorClassIdentifier: 
  anim: {fileID: 0}
  rb: {fileID: 0}
  tf: {fileID: 0}
  movementRun: 0
  speed: 1
  moveDirection: {x: 0, y: 0, z: 0}
  jumpforce: 0
--- !u!135 &487206308
SphereCollider:
  m_ObjectHideFlags: 0
  m_CorrespondingSourceObject: {fileID: 0}
  m_PrefabInstance: {fileID: 0}
  m_PrefabAsset: {fileID: 0}
  m_GameObject: {fileID: 1767663768970106}
  m_Material: {fileID: 0}
  m_IsTrigger: 0
  m_Enabled: 1
  serializedVersion: 2
  m_Radius: 0.10477656
  m_Center: {x: 0, y: 0.099865854, z: 0}
--- !u!1 &1878532393300130
GameObject:
  m_ObjectHideFlags: 0
  m_CorrespondingSourceObject: {fileID: 0}
  m_PrefabInstance: {fileID: 0}
  m_PrefabAsset: {fileID: 0}
  serializedVersion: 6
  m_Component:
  - component: {fileID: 4914306490076216}
  m_Layer: 0
  m_Name: RigLLeg2
  m_TagString: Untagged
  m_Icon: {fileID: 0}
  m_NavMeshLayer: 0
  m_StaticEditorFlags: 0
  m_IsActive: 1
--- !u!4 &4914306490076216
Transform:
  m_ObjectHideFlags: 0
  m_CorrespondingSourceObject: {fileID: 0}
  m_PrefabInstance: {fileID: 0}
  m_PrefabAsset: {fileID: 0}
  m_GameObject: {fileID: 1878532393300130}
  m_LocalRotation: {x: -0.09149337, y: 0.10361267, z: 0.49556336, w: 0.8575024}
  m_LocalPosition: {x: -0.023973146, y: 5.9604643e-10, z: 0.0000000023841857}
  m_LocalScale: {x: 0.99999684, y: 1.0000032, z: 1.0000001}
  m_Children:
  - {fileID: 4849673033213242}
  m_Father: {fileID: 4099516962704626}
  m_RootOrder: 0
  m_LocalEulerAnglesHint: {x: -17.154562, y: 5.947794, z: 81.62492}
--- !u!1 &1900481753090362
GameObject:
  m_ObjectHideFlags: 0
  m_CorrespondingSourceObject: {fileID: 0}
  m_PrefabInstance: {fileID: 0}
  m_PrefabAsset: {fileID: 0}
  serializedVersion: 6
  m_Component:
  - component: {fileID: 4001457575658186}
  m_Layer: 0
  m_Name: RigNeck
  m_TagString: Untagged
  m_Icon: {fileID: 0}
  m_NavMeshLayer: 0
  m_StaticEditorFlags: 0
  m_IsActive: 1
--- !u!4 &4001457575658186
Transform:
  m_ObjectHideFlags: 0
  m_CorrespondingSourceObject: {fileID: 0}
  m_PrefabInstance: {fileID: 0}
  m_PrefabAsset: {fileID: 0}
  m_GameObject: {fileID: 1900481753090362}
  m_LocalRotation: {x: 0.04733963, y: 0.01282415, z: 0.12803134, w: 0.99055666}
  m_LocalPosition: {x: -0, y: 0, z: 0}
  m_LocalScale: {x: 1, y: 1, z: 1}
  m_Children:
  - {fileID: 4754589850445132}
  m_Father: {fileID: 4741723823790264}
  m_RootOrder: 0
  m_LocalEulerAnglesHint: {x: 5.5879, y: 2.552414, z: -16.093319}
--- !u!1 &1948307244030560
GameObject:
  m_ObjectHideFlags: 0
  m_CorrespondingSourceObject: {fileID: 0}
  m_PrefabInstance: {fileID: 0}
  m_PrefabAsset: {fileID: 0}
  serializedVersion: 6
  m_Component:
  - component: {fileID: 4849673033213242}
  m_Layer: 0
  m_Name: RigLLegAnkle
  m_TagString: Untagged
  m_Icon: {fileID: 0}
  m_NavMeshLayer: 0
  m_StaticEditorFlags: 0
  m_IsActive: 1
--- !u!4 &4849673033213242
Transform:
  m_ObjectHideFlags: 0
  m_CorrespondingSourceObject: {fileID: 0}
  m_PrefabInstance: {fileID: 0}
  m_PrefabAsset: {fileID: 0}
  m_GameObject: {fileID: 1948307244030560}
  m_LocalRotation: {x: 0.05674453, y: -0.019861316, z: -0.52767885, w: 0.84731376}
  m_LocalPosition: {x: -0.015097802, y: 2.9802322e-10, z: 0.0000000023841857}
  m_LocalScale: {x: 0.9999951, y: 1.000005, z: 1}
  m_Children:
  - {fileID: 4221682790239734}
  m_Father: {fileID: 4914306490076216}
  m_RootOrder: 0
  m_LocalEulerAnglesHint: {x: 11.52145, y: -3.4704785, z: -48.184525}
--- !u!1 &1978537708470802
GameObject:
  m_ObjectHideFlags: 0
  m_CorrespondingSourceObject: {fileID: 0}
  m_PrefabInstance: {fileID: 0}
  m_PrefabAsset: {fileID: 0}
  serializedVersion: 6
  m_Component:
  - component: {fileID: 4885651054027912}
  m_Layer: 0
  m_Name: RigRLegAnkle
  m_TagString: Untagged
  m_Icon: {fileID: 0}
  m_NavMeshLayer: 0
  m_StaticEditorFlags: 0
  m_IsActive: 1
--- !u!4 &4885651054027912
Transform:
  m_ObjectHideFlags: 0
  m_CorrespondingSourceObject: {fileID: 0}
  m_PrefabInstance: {fileID: 0}
  m_PrefabAsset: {fileID: 0}
  m_GameObject: {fileID: 1978537708470802}
  m_LocalRotation: {x: -0.07191052, y: -0.008196668, z: -0.52162296, w: 0.8501007}
  m_LocalPosition: {x: -0.015097802, y: 0, z: 0}
  m_LocalScale: {x: 1.0000054, y: 0.99999464, z: 1}
  m_Children:
  - {fileID: 4896696964894132}
  m_Father: {fileID: 4318910620006366}
  m_RootOrder: 0
  m_LocalEulerAnglesHint: {x: 0.9048617, y: 6.427232, z: -70.646645}
--- !u!1 &1991730269971550
GameObject:
  m_ObjectHideFlags: 0
  m_CorrespondingSourceObject: {fileID: 0}
  m_PrefabInstance: {fileID: 0}
  m_PrefabAsset: {fileID: 0}
  serializedVersion: 6
  m_Component:
  - component: {fileID: 4923694095548416}
  m_Layer: 0
  m_Name: Rig
  m_TagString: Untagged
  m_Icon: {fileID: 0}
  m_NavMeshLayer: 0
  m_StaticEditorFlags: 0
  m_IsActive: 1
--- !u!4 &4923694095548416
Transform:
  m_ObjectHideFlags: 0
  m_CorrespondingSourceObject: {fileID: 0}
  m_PrefabInstance: {fileID: 0}
  m_PrefabAsset: {fileID: 0}
  m_GameObject: {fileID: 1991730269971550}
  m_LocalRotation: {x: 0.50000006, y: -0.50000006, z: -0.49999997, w: 0.49999997}
  m_LocalPosition: {x: -0, y: 0, z: 0}
  m_LocalScale: {x: 1, y: 1, z: 1}
  m_Children: []
  m_Father: {fileID: 4429102427960218}
  m_RootOrder: 0
  m_LocalEulerAnglesHint: {x: 0, y: 0, z: 0}
