%YAML 1.1
%TAG !u! tag:unity3d.com,2011:
--- !u!29 &1
OcclusionCullingSettings:
  m_ObjectHideFlags: 0
  serializedVersion: 2
  m_OcclusionBakeSettings:
    smallestOccluder: 5
    smallestHole: 0.25
    backfaceThreshold: 100
  m_SceneGUID: 00000000000000000000000000000000
  m_OcclusionCullingData: {fileID: 0}
--- !u!104 &2
RenderSettings:
  m_ObjectHideFlags: 0
  serializedVersion: 9
  m_Fog: 0
  m_FogColor: {r: 0.5, g: 0.5, b: 0.5, a: 1}
  m_FogMode: 3
  m_FogDensity: 0.01
  m_LinearFogStart: 0
  m_LinearFogEnd: 300
  m_AmbientSkyColor: {r: 0.212, g: 0.227, b: 0.259, a: 1}
  m_AmbientEquatorColor: {r: 0.114, g: 0.125, b: 0.133, a: 1}
  m_AmbientGroundColor: {r: 0.047, g: 0.043, b: 0.035, a: 1}
  m_AmbientIntensity: 1
  m_AmbientMode: 0
  m_SubtractiveShadowColor: {r: 0.42, g: 0.478, b: 0.627, a: 1}
  m_SkyboxMaterial: {fileID: 10304, guid: 0000000000000000f000000000000000, type: 0}
  m_HaloStrength: 0.5
  m_FlareStrength: 1
  m_FlareFadeSpeed: 3
  m_HaloTexture: {fileID: 0}
  m_SpotCookie: {fileID: 10001, guid: 0000000000000000e000000000000000, type: 0}
  m_DefaultReflectionMode: 0
  m_DefaultReflectionResolution: 128
  m_ReflectionBounces: 1
  m_ReflectionIntensity: 1
  m_CustomReflection: {fileID: 0}
  m_Sun: {fileID: 0}
  m_IndirectSpecularColor: {r: 0.37311953, g: 0.38074014, b: 0.3587274, a: 1}
  m_UseRadianceAmbientProbe: 0
--- !u!157 &3
LightmapSettings:
  m_ObjectHideFlags: 0
  serializedVersion: 11
  m_GIWorkflowMode: 0
  m_GISettings:
    serializedVersion: 2
    m_BounceScale: 1
    m_IndirectOutputScale: 1
    m_AlbedoBoost: 1
    m_EnvironmentLightingMode: 0
    m_EnableBakedLightmaps: 1
    m_EnableRealtimeLightmaps: 1
  m_LightmapEditorSettings:
    serializedVersion: 12
    m_Resolution: 2
    m_BakeResolution: 40
    m_AtlasSize: 1024
    m_AO: 0
    m_AOMaxDistance: 1
    m_CompAOExponent: 1
    m_CompAOExponentDirect: 0
    m_ExtractAmbientOcclusion: 0
    m_Padding: 2
    m_LightmapParameters: {fileID: 0}
    m_LightmapsBakeMode: 1
    m_TextureCompression: 1
    m_FinalGather: 0
    m_FinalGatherFiltering: 1
    m_FinalGatherRayCount: 256
    m_ReflectionCompression: 2
    m_MixedBakeMode: 2
    m_BakeBackend: 1
    m_PVRSampling: 1
    m_PVRDirectSampleCount: 32
    m_PVRSampleCount: 500
    m_PVRBounces: 2
    m_PVREnvironmentSampleCount: 500
    m_PVREnvironmentReferencePointCount: 2048
    m_PVRFilteringMode: 2
    m_PVRDenoiserTypeDirect: 0
    m_PVRDenoiserTypeIndirect: 0
    m_PVRDenoiserTypeAO: 0
    m_PVRFilterTypeDirect: 0
    m_PVRFilterTypeIndirect: 0
    m_PVRFilterTypeAO: 0
    m_PVREnvironmentMIS: 0
    m_PVRCulling: 1
    m_PVRFilteringGaussRadiusDirect: 1
    m_PVRFilteringGaussRadiusIndirect: 5
    m_PVRFilteringGaussRadiusAO: 2
    m_PVRFilteringAtrousPositionSigmaDirect: 0.5
    m_PVRFilteringAtrousPositionSigmaIndirect: 2
    m_PVRFilteringAtrousPositionSigmaAO: 1
    m_ExportTrainingData: 0
    m_TrainingDataDestination: TrainingData
  m_LightingDataAsset: {fileID: 0}
  m_UseShadowmask: 1
--- !u!196 &4
NavMeshSettings:
  serializedVersion: 2
  m_ObjectHideFlags: 0
  m_BuildSettings:
    serializedVersion: 2
    agentTypeID: 0
    agentRadius: 0.5
    agentHeight: 2
    agentSlope: 45
    agentClimb: 0.4
    ledgeDropHeight: 0
    maxJumpAcrossDistance: 0
    minRegionArea: 2
    manualCellSize: 0
    cellSize: 0.16666667
    manualTileSize: 0
    tileSize: 256
    accuratePlacement: 0
    debug:
      m_Flags: 0
  m_NavMeshData: {fileID: 0}
--- !u!1 &40786671
GameObject:
  m_ObjectHideFlags: 0
  m_CorrespondingSourceObject: {fileID: 0}
  m_PrefabInstance: {fileID: 0}
  m_PrefabAsset: {fileID: 0}
  serializedVersion: 6
  m_Component:
  - component: {fileID: 40786672}
  m_Layer: 0
  m_Name: Collectables
  m_TagString: Untagged
  m_Icon: {fileID: 0}
  m_NavMeshLayer: 0
  m_StaticEditorFlags: 0
  m_IsActive: 1
--- !u!4 &40786672
Transform:
  m_ObjectHideFlags: 0
  m_CorrespondingSourceObject: {fileID: 0}
  m_PrefabInstance: {fileID: 0}
  m_PrefabAsset: {fileID: 0}
  m_GameObject: {fileID: 40786671}
  m_LocalRotation: {x: 0, y: 0, z: 0, w: 1}
  m_LocalPosition: {x: 1.2605, y: 1.1394582, z: -1.325436}
  m_LocalScale: {x: 1, y: 1, z: 1}
  m_Children:
  - {fileID: 1542794248}
  - {fileID: 2138095654}
  - {fileID: 1065317173}
  - {fileID: 1369026495}
  - {fileID: 596655014}
  m_Father: {fileID: 0}
  m_RootOrder: 2
  m_LocalEulerAnglesHint: {x: 0, y: 0, z: 0}
--- !u!1 &40919614
GameObject:
  m_ObjectHideFlags: 0
  m_CorrespondingSourceObject: {fileID: 0}
  m_PrefabInstance: {fileID: 0}
  m_PrefabAsset: {fileID: 0}
  serializedVersion: 6
  m_Component:
  - component: {fileID: 40919618}
  - component: {fileID: 40919617}
  - component: {fileID: 40919616}
  - component: {fileID: 40919615}
  m_Layer: 5
  m_Name: Canvas
  m_TagString: Untagged
  m_Icon: {fileID: 0}
  m_NavMeshLayer: 0
  m_StaticEditorFlags: 0
  m_IsActive: 1
--- !u!114 &40919615
MonoBehaviour:
  m_ObjectHideFlags: 0
  m_CorrespondingSourceObject: {fileID: 0}
  m_PrefabInstance: {fileID: 0}
  m_PrefabAsset: {fileID: 0}
  m_GameObject: {fileID: 40919614}
  m_Enabled: 1
  m_EditorHideFlags: 0
  m_Script: {fileID: 11500000, guid: dc42784cf147c0c48a680349fa168899, type: 3}
  m_Name: 
  m_EditorClassIdentifier: 
  m_IgnoreReversedGraphics: 1
  m_BlockingObjects: 0
  m_BlockingMask:
    serializedVersion: 2
    m_Bits: 4294967295
--- !u!114 &40919616
MonoBehaviour:
  m_ObjectHideFlags: 0
  m_CorrespondingSourceObject: {fileID: 0}
  m_PrefabInstance: {fileID: 0}
  m_PrefabAsset: {fileID: 0}
  m_GameObject: {fileID: 40919614}
  m_Enabled: 1
  m_EditorHideFlags: 0
  m_Script: {fileID: 11500000, guid: 0cd44c1031e13a943bb63640046fad76, type: 3}
  m_Name: 
  m_EditorClassIdentifier: 
  m_UiScaleMode: 1
  m_ReferencePixelsPerUnit: 100
  m_ScaleFactor: 1
  m_ReferenceResolution: {x: 800, y: 600}
  m_ScreenMatchMode: 0
  m_MatchWidthOrHeight: 0
  m_PhysicalUnit: 3
  m_FallbackScreenDPI: 96
  m_DefaultSpriteDPI: 96
  m_DynamicPixelsPerUnit: 1
--- !u!223 &40919617
Canvas:
  m_ObjectHideFlags: 0
  m_CorrespondingSourceObject: {fileID: 0}
  m_PrefabInstance: {fileID: 0}
  m_PrefabAsset: {fileID: 0}
  m_GameObject: {fileID: 40919614}
  m_Enabled: 1
  serializedVersion: 3
  m_RenderMode: 1
  m_Camera: {fileID: 0}
  m_PlaneDistance: 1
  m_PixelPerfect: 0
  m_ReceivesEvents: 1
  m_OverrideSorting: 0
  m_OverridePixelPerfect: 0
  m_SortingBucketNormalizedSize: 0
  m_AdditionalShaderChannelsFlag: 0
  m_SortingLayerID: 0
  m_SortingOrder: 0
  m_TargetDisplay: 0
--- !u!224 &40919618
RectTransform:
  m_ObjectHideFlags: 0
  m_CorrespondingSourceObject: {fileID: 0}
  m_PrefabInstance: {fileID: 0}
  m_PrefabAsset: {fileID: 0}
  m_GameObject: {fileID: 40919614}
  m_LocalRotation: {x: 0, y: 0, z: 0, w: 1}
  m_LocalPosition: {x: 0, y: 0, z: 0}
  m_LocalScale: {x: 0, y: 0, z: 0}
  m_Children:
  - {fileID: 165585584}
  m_Father: {fileID: 0}
  m_RootOrder: 4
  m_LocalEulerAnglesHint: {x: 0, y: 0, z: 0}
  m_AnchorMin: {x: 0, y: 0}
  m_AnchorMax: {x: 0, y: 0}
  m_AnchoredPosition: {x: 0, y: 0}
  m_SizeDelta: {x: 0, y: 0}
  m_Pivot: {x: 0, y: 0}
--- !u!1 &130413661
GameObject:
  m_ObjectHideFlags: 0
  m_CorrespondingSourceObject: {fileID: 0}
  m_PrefabInstance: {fileID: 0}
  m_PrefabAsset: {fileID: 0}
  serializedVersion: 6
  m_Component:
  - component: {fileID: 130413662}
  m_Layer: 0
  m_Name: The Council
  m_TagString: Untagged
  m_Icon: {fileID: 0}
  m_NavMeshLayer: 0
  m_StaticEditorFlags: 0
  m_IsActive: 1
--- !u!4 &130413662
Transform:
  m_ObjectHideFlags: 0
  m_CorrespondingSourceObject: {fileID: 0}
  m_PrefabInstance: {fileID: 0}
  m_PrefabAsset: {fileID: 0}
  m_GameObject: {fileID: 130413661}
  m_LocalRotation: {x: 0, y: 0, z: 0, w: 1}
  m_LocalPosition: {x: 328.1665, y: 325.752, z: 169.41733}
  m_LocalScale: {x: 1, y: 1, z: 1}
  m_Children:
  - {fileID: 174307087}
  - {fileID: 1519823012}
  - {fileID: 1490593168}
  - {fileID: 1261156244}
  - {fileID: 315899364}
  - {fileID: 651781378}
  - {fileID: 1781491448}
  - {fileID: 782171660}
  m_Father: {fileID: 0}
  m_RootOrder: 6
  m_LocalEulerAnglesHint: {x: 0, y: 0, z: 0}
--- !u!1 &165585583
GameObject:
  m_ObjectHideFlags: 0
  m_CorrespondingSourceObject: {fileID: 0}
  m_PrefabInstance: {fileID: 0}
  m_PrefabAsset: {fileID: 0}
  serializedVersion: 6
  m_Component:
  - component: {fileID: 165585584}
  - component: {fileID: 165585586}
  - component: {fileID: 165585585}
  m_Layer: 5
  m_Name: Panel
  m_TagString: Untagged
  m_Icon: {fileID: 0}
  m_NavMeshLayer: 0
  m_StaticEditorFlags: 0
  m_IsActive: 1
--- !u!224 &165585584
RectTransform:
  m_ObjectHideFlags: 0
  m_CorrespondingSourceObject: {fileID: 0}
  m_PrefabInstance: {fileID: 0}
  m_PrefabAsset: {fileID: 0}
  m_GameObject: {fileID: 165585583}
  m_LocalRotation: {x: 0, y: 0, z: 0, w: 1}
  m_LocalPosition: {x: 0, y: 0, z: 0}
  m_LocalScale: {x: 1, y: 1, z: 1}
  m_Children:
  - {fileID: 1577749884}
  - {fileID: 1114040581}
  m_Father: {fileID: 40919618}
  m_RootOrder: 0
  m_LocalEulerAnglesHint: {x: 0, y: 0, z: 0}
  m_AnchorMin: {x: 0.7187501, y: 0.79732555}
  m_AnchorMax: {x: 1, y: 1}
  m_AnchoredPosition: {x: -0.2999878, y: -0.30004883}
  m_SizeDelta: {x: 0.5999756, y: 0.6000061}
  m_Pivot: {x: 0.5, y: 0.5}
--- !u!114 &165585585
MonoBehaviour:
  m_ObjectHideFlags: 0
  m_CorrespondingSourceObject: {fileID: 0}
  m_PrefabInstance: {fileID: 0}
  m_PrefabAsset: {fileID: 0}
  m_GameObject: {fileID: 165585583}
  m_Enabled: 1
  m_EditorHideFlags: 0
  m_Script: {fileID: 11500000, guid: fe87c0e1cc204ed48ad3b37840f39efc, type: 3}
  m_Name: 
  m_EditorClassIdentifier: 
  m_Material: {fileID: 0}
  m_Color: {r: 1, g: 1, b: 1, a: 1}
  m_RaycastTarget: 1
  m_OnCullStateChanged:
    m_PersistentCalls:
      m_Calls: []
    m_TypeName: UnityEngine.UI.MaskableGraphic+CullStateChangedEvent, UnityEngine.UI,
      Version=1.0.0.0, Culture=neutral, PublicKeyToken=null
  m_Sprite: {fileID: 10907, guid: 0000000000000000f000000000000000, type: 0}
  m_Type: 1
  m_PreserveAspect: 0
  m_FillCenter: 1
  m_FillMethod: 4
  m_FillAmount: 1
  m_FillClockwise: 1
  m_FillOrigin: 0
  m_UseSpriteMesh: 0
  m_PixelsPerUnitMultiplier: 1
--- !u!222 &165585586
CanvasRenderer:
  m_ObjectHideFlags: 0
  m_CorrespondingSourceObject: {fileID: 0}
  m_PrefabInstance: {fileID: 0}
  m_PrefabAsset: {fileID: 0}
  m_GameObject: {fileID: 165585583}
  m_CullTransparentMesh: 0
--- !u!4 &174307087 stripped
Transform:
  m_CorrespondingSourceObject: {fileID: 4303844821561524, guid: 312b31977ed9b2d48a14849ebb8c7fb3,
    type: 3}
  m_PrefabInstance: {fileID: 1394106981}
  m_PrefabAsset: {fileID: 0}
--- !u!1 &223974226
GameObject:
  m_ObjectHideFlags: 0
  m_CorrespondingSourceObject: {fileID: 0}
  m_PrefabInstance: {fileID: 0}
  m_PrefabAsset: {fileID: 0}
  serializedVersion: 6
  m_Component:
  - component: {fileID: 223974229}
  - component: {fileID: 223974228}
  - component: {fileID: 223974227}
  m_Layer: 0
  m_Name: EventSystem
  m_TagString: Untagged
  m_Icon: {fileID: 0}
  m_NavMeshLayer: 0
  m_StaticEditorFlags: 0
  m_IsActive: 1
--- !u!114 &223974227
MonoBehaviour:
  m_ObjectHideFlags: 0
  m_CorrespondingSourceObject: {fileID: 0}
  m_PrefabInstance: {fileID: 0}
  m_PrefabAsset: {fileID: 0}
  m_GameObject: {fileID: 223974226}
  m_Enabled: 1
  m_EditorHideFlags: 0
  m_Script: {fileID: 11500000, guid: 4f231c4fb786f3946a6b90b886c48677, type: 3}
  m_Name: 
  m_EditorClassIdentifier: 
  m_HorizontalAxis: Horizontal
  m_VerticalAxis: Vertical
  m_SubmitButton: Submit
  m_CancelButton: Cancel
  m_InputActionsPerSecond: 10
  m_RepeatDelay: 0.5
  m_ForceModuleActive: 0
--- !u!114 &223974228
MonoBehaviour:
  m_ObjectHideFlags: 0
  m_CorrespondingSourceObject: {fileID: 0}
  m_PrefabInstance: {fileID: 0}
  m_PrefabAsset: {fileID: 0}
  m_GameObject: {fileID: 223974226}
  m_Enabled: 1
  m_EditorHideFlags: 0
  m_Script: {fileID: 11500000, guid: 76c392e42b5098c458856cdf6ecaaaa1, type: 3}
  m_Name: 
  m_EditorClassIdentifier: 
  m_FirstSelected: {fileID: 0}
  m_sendNavigationEvents: 1
  m_DragThreshold: 10
--- !u!4 &223974229
Transform:
  m_ObjectHideFlags: 0
  m_CorrespondingSourceObject: {fileID: 0}
  m_PrefabInstance: {fileID: 0}
  m_PrefabAsset: {fileID: 0}
  m_GameObject: {fileID: 223974226}
  m_LocalRotation: {x: 0, y: 0, z: 0, w: 1}
  m_LocalPosition: {x: 0, y: 0, z: 0}
  m_LocalScale: {x: 1, y: 1, z: 1}
  m_Children: []
  m_Father: {fileID: 0}
  m_RootOrder: 5
  m_LocalEulerAnglesHint: {x: 0, y: 0, z: 0}
--- !u!1001 &271926288
PrefabInstance:
  m_ObjectHideFlags: 0
  serializedVersion: 2
  m_Modification:
    m_TransformParent: {fileID: 40786672}
    m_Modifications:
    - target: {fileID: 1901519579059870, guid: d3f3d3387da467d4a843b9f7ac654a4a, type: 3}
      propertyPath: m_Name
      value: Grass (3)
      objectReference: {fileID: 0}
    - target: {fileID: 4806926053449198, guid: d3f3d3387da467d4a843b9f7ac654a4a, type: 3}
      propertyPath: m_LocalPosition.x
      value: 29.13908
      objectReference: {fileID: 0}
    - target: {fileID: 4806926053449198, guid: d3f3d3387da467d4a843b9f7ac654a4a, type: 3}
      propertyPath: m_LocalPosition.y
      value: -1.2654582
      objectReference: {fileID: 0}
    - target: {fileID: 4806926053449198, guid: d3f3d3387da467d4a843b9f7ac654a4a, type: 3}
      propertyPath: m_LocalPosition.z
      value: 1.1084532
      objectReference: {fileID: 0}
    - target: {fileID: 4806926053449198, guid: d3f3d3387da467d4a843b9f7ac654a4a, type: 3}
      propertyPath: m_LocalRotation.x
      value: -0
      objectReference: {fileID: 0}
    - target: {fileID: 4806926053449198, guid: d3f3d3387da467d4a843b9f7ac654a4a, type: 3}
      propertyPath: m_LocalRotation.y
      value: -0
      objectReference: {fileID: 0}
    - target: {fileID: 4806926053449198, guid: d3f3d3387da467d4a843b9f7ac654a4a, type: 3}
      propertyPath: m_LocalRotation.z
      value: -0
      objectReference: {fileID: 0}
    - target: {fileID: 4806926053449198, guid: d3f3d3387da467d4a843b9f7ac654a4a, type: 3}
      propertyPath: m_LocalRotation.w
      value: 1
      objectReference: {fileID: 0}
    - target: {fileID: 4806926053449198, guid: d3f3d3387da467d4a843b9f7ac654a4a, type: 3}
      propertyPath: m_RootOrder
      value: 1
      objectReference: {fileID: 0}
    - target: {fileID: 4806926053449198, guid: d3f3d3387da467d4a843b9f7ac654a4a, type: 3}
      propertyPath: m_LocalEulerAnglesHint.x
      value: 0
      objectReference: {fileID: 0}
    - target: {fileID: 4806926053449198, guid: d3f3d3387da467d4a843b9f7ac654a4a, type: 3}
      propertyPath: m_LocalEulerAnglesHint.y
      value: 0
      objectReference: {fileID: 0}
    - target: {fileID: 4806926053449198, guid: d3f3d3387da467d4a843b9f7ac654a4a, type: 3}
      propertyPath: m_LocalEulerAnglesHint.z
      value: 0
      objectReference: {fileID: 0}
    m_RemovedComponents: []
  m_SourcePrefab: {fileID: 100100000, guid: d3f3d3387da467d4a843b9f7ac654a4a, type: 3}
--- !u!4 &315899364 stripped
Transform:
  m_CorrespondingSourceObject: {fileID: 4303844821561524, guid: 312b31977ed9b2d48a14849ebb8c7fb3,
    type: 3}
  m_PrefabInstance: {fileID: 1126834455}
  m_PrefabAsset: {fileID: 0}
--- !u!1001 &414051999
PrefabInstance:
  m_ObjectHideFlags: 0
  serializedVersion: 2
  m_Modification:
    m_TransformParent: {fileID: 130413662}
    m_Modifications:
    - target: {fileID: 1311290861401530, guid: 312b31977ed9b2d48a14849ebb8c7fb3, type: 3}
      propertyPath: m_Name
      value: Toon Chicken (3)
      objectReference: {fileID: 0}
    - target: {fileID: 1311290861401530, guid: 312b31977ed9b2d48a14849ebb8c7fb3, type: 3}
      propertyPath: m_TagString
      value: Untagged
      objectReference: {fileID: 0}
    - target: {fileID: 4303844821561524, guid: 312b31977ed9b2d48a14849ebb8c7fb3, type: 3}
      propertyPath: m_LocalPosition.x
      value: 947.8335
      objectReference: {fileID: 0}
    - target: {fileID: 4303844821561524, guid: 312b31977ed9b2d48a14849ebb8c7fb3, type: 3}
      propertyPath: m_LocalPosition.y
      value: -2026.752
      objectReference: {fileID: 0}
    - target: {fileID: 4303844821561524, guid: 312b31977ed9b2d48a14849ebb8c7fb3, type: 3}
      propertyPath: m_LocalPosition.z
      value: -1976.4174
      objectReference: {fileID: 0}
    - target: {fileID: 4303844821561524, guid: 312b31977ed9b2d48a14849ebb8c7fb3, type: 3}
      propertyPath: m_LocalRotation.x
      value: -0
      objectReference: {fileID: 0}
    - target: {fileID: 4303844821561524, guid: 312b31977ed9b2d48a14849ebb8c7fb3, type: 3}
      propertyPath: m_LocalRotation.y
      value: -0.38268343
      objectReference: {fileID: 0}
    - target: {fileID: 4303844821561524, guid: 312b31977ed9b2d48a14849ebb8c7fb3, type: 3}
      propertyPath: m_LocalRotation.z
      value: -0
      objectReference: {fileID: 0}
    - target: {fileID: 4303844821561524, guid: 312b31977ed9b2d48a14849ebb8c7fb3, type: 3}
      propertyPath: m_LocalRotation.w
      value: 0.92387956
      objectReference: {fileID: 0}
    - target: {fileID: 4303844821561524, guid: 312b31977ed9b2d48a14849ebb8c7fb3, type: 3}
      propertyPath: m_RootOrder
      value: 1
      objectReference: {fileID: 0}
    - target: {fileID: 4303844821561524, guid: 312b31977ed9b2d48a14849ebb8c7fb3, type: 3}
      propertyPath: m_LocalEulerAnglesHint.x
      value: 0
      objectReference: {fileID: 0}
    - target: {fileID: 4303844821561524, guid: 312b31977ed9b2d48a14849ebb8c7fb3, type: 3}
      propertyPath: m_LocalEulerAnglesHint.y
      value: -45
      objectReference: {fileID: 0}
    - target: {fileID: 4303844821561524, guid: 312b31977ed9b2d48a14849ebb8c7fb3, type: 3}
      propertyPath: m_LocalEulerAnglesHint.z
      value: 0
      objectReference: {fileID: 0}
    - target: {fileID: 4303844821561524, guid: 312b31977ed9b2d48a14849ebb8c7fb3, type: 3}
      propertyPath: m_LocalScale.x
      value: 10000
      objectReference: {fileID: 0}
    - target: {fileID: 4303844821561524, guid: 312b31977ed9b2d48a14849ebb8c7fb3, type: 3}
      propertyPath: m_LocalScale.y
      value: 5000
      objectReference: {fileID: 0}
    - target: {fileID: 4303844821561524, guid: 312b31977ed9b2d48a14849ebb8c7fb3, type: 3}
      propertyPath: m_LocalScale.z
      value: 5000
      objectReference: {fileID: 0}
    - target: {fileID: 761484689, guid: 312b31977ed9b2d48a14849ebb8c7fb3, type: 3}
      propertyPath: m_UseGravity
      value: 0
      objectReference: {fileID: 0}
    - target: {fileID: 4410910982438300, guid: 312b31977ed9b2d48a14849ebb8c7fb3, type: 3}
      propertyPath: m_LocalPosition.y
      value: -0.038
      objectReference: {fileID: 0}
    - target: {fileID: 963194225, guid: 312b31977ed9b2d48a14849ebb8c7fb3, type: 3}
      propertyPath: m_IsActive
      value: 0
      objectReference: {fileID: 0}
    - target: {fileID: 963194226, guid: 312b31977ed9b2d48a14849ebb8c7fb3, type: 3}
      propertyPath: m_Enabled
      value: 1
      objectReference: {fileID: 0}
    m_RemovedComponents:
    - {fileID: 983973117471200005, guid: 312b31977ed9b2d48a14849ebb8c7fb3, type: 3}
    - {fileID: 761484691, guid: 312b31977ed9b2d48a14849ebb8c7fb3, type: 3}
    - {fileID: 761484692, guid: 312b31977ed9b2d48a14849ebb8c7fb3, type: 3}
  m_SourcePrefab: {fileID: 100100000, guid: 312b31977ed9b2d48a14849ebb8c7fb3, type: 3}
--- !u!1001 &462297228
PrefabInstance:
  m_ObjectHideFlags: 0
  serializedVersion: 2
  m_Modification:
    m_TransformParent: {fileID: 40786672}
    m_Modifications:
    - target: {fileID: 1901519579059870, guid: d3f3d3387da467d4a843b9f7ac654a4a, type: 3}
      propertyPath: m_Name
      value: Grass (1)
      objectReference: {fileID: 0}
    - target: {fileID: 4806926053449198, guid: d3f3d3387da467d4a843b9f7ac654a4a, type: 3}
      propertyPath: m_LocalPosition.x
      value: -1.0164518
      objectReference: {fileID: 0}
    - target: {fileID: 4806926053449198, guid: d3f3d3387da467d4a843b9f7ac654a4a, type: 3}
      propertyPath: m_LocalPosition.y
      value: -1.2654582
      objectReference: {fileID: 0}
    - target: {fileID: 4806926053449198, guid: d3f3d3387da467d4a843b9f7ac654a4a, type: 3}
      propertyPath: m_LocalPosition.z
      value: -28.810093
      objectReference: {fileID: 0}
    - target: {fileID: 4806926053449198, guid: d3f3d3387da467d4a843b9f7ac654a4a, type: 3}
      propertyPath: m_LocalRotation.x
      value: -0
      objectReference: {fileID: 0}
    - target: {fileID: 4806926053449198, guid: d3f3d3387da467d4a843b9f7ac654a4a, type: 3}
      propertyPath: m_LocalRotation.y
      value: -0
      objectReference: {fileID: 0}
    - target: {fileID: 4806926053449198, guid: d3f3d3387da467d4a843b9f7ac654a4a, type: 3}
      propertyPath: m_LocalRotation.z
      value: -0
      objectReference: {fileID: 0}
    - target: {fileID: 4806926053449198, guid: d3f3d3387da467d4a843b9f7ac654a4a, type: 3}
      propertyPath: m_LocalRotation.w
      value: 1
      objectReference: {fileID: 0}
    - target: {fileID: 4806926053449198, guid: d3f3d3387da467d4a843b9f7ac654a4a, type: 3}
      propertyPath: m_RootOrder
      value: 3
      objectReference: {fileID: 0}
    - target: {fileID: 4806926053449198, guid: d3f3d3387da467d4a843b9f7ac654a4a, type: 3}
      propertyPath: m_LocalEulerAnglesHint.x
      value: 0
      objectReference: {fileID: 0}
    - target: {fileID: 4806926053449198, guid: d3f3d3387da467d4a843b9f7ac654a4a, type: 3}
      propertyPath: m_LocalEulerAnglesHint.y
      value: 0
      objectReference: {fileID: 0}
    - target: {fileID: 4806926053449198, guid: d3f3d3387da467d4a843b9f7ac654a4a, type: 3}
      propertyPath: m_LocalEulerAnglesHint.z
      value: 0
      objectReference: {fileID: 0}
    m_RemovedComponents: []
  m_SourcePrefab: {fileID: 100100000, guid: d3f3d3387da467d4a843b9f7ac654a4a, type: 3}
--- !u!1001 &496958062
PrefabInstance:
  m_ObjectHideFlags: 0
  serializedVersion: 2
  m_Modification:
    m_TransformParent: {fileID: 0}
    m_Modifications:
    - target: {fileID: 1311290861401530, guid: 312b31977ed9b2d48a14849ebb8c7fb3, type: 3}
      propertyPath: m_Name
      value: Toon Chicken
      objectReference: {fileID: 0}
    - target: {fileID: 4303844821561524, guid: 312b31977ed9b2d48a14849ebb8c7fb3, type: 3}
      propertyPath: m_LocalPosition.x
      value: -0.018259887
      objectReference: {fileID: 0}
    - target: {fileID: 4303844821561524, guid: 312b31977ed9b2d48a14849ebb8c7fb3, type: 3}
      propertyPath: m_LocalPosition.y
      value: -0.12901595
      objectReference: {fileID: 0}
    - target: {fileID: 4303844821561524, guid: 312b31977ed9b2d48a14849ebb8c7fb3, type: 3}
      propertyPath: m_LocalPosition.z
      value: 0.032573372
      objectReference: {fileID: 0}
    - target: {fileID: 4303844821561524, guid: 312b31977ed9b2d48a14849ebb8c7fb3, type: 3}
      propertyPath: m_LocalRotation.x
      value: -0
      objectReference: {fileID: 0}
    - target: {fileID: 4303844821561524, guid: 312b31977ed9b2d48a14849ebb8c7fb3, type: 3}
      propertyPath: m_LocalRotation.y
      value: 0.8855431
      objectReference: {fileID: 0}
    - target: {fileID: 4303844821561524, guid: 312b31977ed9b2d48a14849ebb8c7fb3, type: 3}
      propertyPath: m_LocalRotation.z
      value: -0
      objectReference: {fileID: 0}
    - target: {fileID: 4303844821561524, guid: 312b31977ed9b2d48a14849ebb8c7fb3, type: 3}
      propertyPath: m_LocalRotation.w
      value: 0.46455732
      objectReference: {fileID: 0}
    - target: {fileID: 4303844821561524, guid: 312b31977ed9b2d48a14849ebb8c7fb3, type: 3}
      propertyPath: m_RootOrder
      value: 0
      objectReference: {fileID: 0}
    - target: {fileID: 4303844821561524, guid: 312b31977ed9b2d48a14849ebb8c7fb3, type: 3}
      propertyPath: m_LocalEulerAnglesHint.x
      value: 0
      objectReference: {fileID: 0}
    - target: {fileID: 4303844821561524, guid: 312b31977ed9b2d48a14849ebb8c7fb3, type: 3}
      propertyPath: m_LocalEulerAnglesHint.y
      value: 124.63701
      objectReference: {fileID: 0}
    - target: {fileID: 4303844821561524, guid: 312b31977ed9b2d48a14849ebb8c7fb3, type: 3}
      propertyPath: m_LocalEulerAnglesHint.z
      value: 0
      objectReference: {fileID: 0}
    - target: {fileID: 983973117471200005, guid: 312b31977ed9b2d48a14849ebb8c7fb3,
        type: 3}
      propertyPath: rotationSpeed
      value: 50
      objectReference: {fileID: 0}
    - target: {fileID: 983973117471200005, guid: 312b31977ed9b2d48a14849ebb8c7fb3,
        type: 3}
      propertyPath: speed
      value: 5
      objectReference: {fileID: 0}
    - target: {fileID: 761484689, guid: 312b31977ed9b2d48a14849ebb8c7fb3, type: 3}
      propertyPath: m_Mass
      value: 1
      objectReference: {fileID: 0}
    - target: {fileID: 761484689, guid: 312b31977ed9b2d48a14849ebb8c7fb3, type: 3}
      propertyPath: m_Drag
      value: 5
      objectReference: {fileID: 0}
    - target: {fileID: 761484689, guid: 312b31977ed9b2d48a14849ebb8c7fb3, type: 3}
      propertyPath: m_AngularDrag
      value: 5
      objectReference: {fileID: 0}
    - target: {fileID: 963194227, guid: 312b31977ed9b2d48a14849ebb8c7fb3, type: 3}
      propertyPath: far clip plane
      value: 2000
      objectReference: {fileID: 0}
    m_RemovedComponents: []
  m_SourcePrefab: {fileID: 100100000, guid: 312b31977ed9b2d48a14849ebb8c7fb3, type: 3}
--- !u!4 &596655014 stripped
Transform:
  m_CorrespondingSourceObject: {fileID: 4806926053449198, guid: d3f3d3387da467d4a843b9f7ac654a4a,
    type: 3}
  m_PrefabInstance: {fileID: 918149924}
  m_PrefabAsset: {fileID: 0}
--- !u!1001 &630971668
PrefabInstance:
  m_ObjectHideFlags: 0
  serializedVersion: 2
  m_Modification:
    m_TransformParent: {fileID: 130413662}
    m_Modifications:
    - target: {fileID: 1311290861401530, guid: 312b31977ed9b2d48a14849ebb8c7fb3, type: 3}
      propertyPath: m_Name
      value: Toon Chicken (4)
      objectReference: {fileID: 0}
    - target: {fileID: 1311290861401530, guid: 312b31977ed9b2d48a14849ebb8c7fb3, type: 3}
      propertyPath: m_TagString
      value: Untagged
      objectReference: {fileID: 0}
    - target: {fileID: 4303844821561524, guid: 312b31977ed9b2d48a14849ebb8c7fb3, type: 3}
      propertyPath: m_LocalPosition.x
      value: -2393.9434
      objectReference: {fileID: 0}
    - target: {fileID: 4303844821561524, guid: 312b31977ed9b2d48a14849ebb8c7fb3, type: 3}
      propertyPath: m_LocalPosition.y
      value: -2026.752
      objectReference: {fileID: 0}
    - target: {fileID: 4303844821561524, guid: 312b31977ed9b2d48a14849ebb8c7fb3, type: 3}
      propertyPath: m_LocalPosition.z
      value: 54.56424
      objectReference: {fileID: 0}
    - target: {fileID: 4303844821561524, guid: 312b31977ed9b2d48a14849ebb8c7fb3, type: 3}
      propertyPath: m_LocalRotation.x
      value: -0
      objectReference: {fileID: 0}
    - target: {fileID: 4303844821561524, guid: 312b31977ed9b2d48a14849ebb8c7fb3, type: 3}
      propertyPath: m_LocalRotation.y
      value: -0.70646876
      objectReference: {fileID: 0}
    - target: {fileID: 4303844821561524, guid: 312b31977ed9b2d48a14849ebb8c7fb3, type: 3}
      propertyPath: m_LocalRotation.z
      value: -0
      objectReference: {fileID: 0}
    - target: {fileID: 4303844821561524, guid: 312b31977ed9b2d48a14849ebb8c7fb3, type: 3}
      propertyPath: m_LocalRotation.w
      value: -0.70774424
      objectReference: {fileID: 0}
    - target: {fileID: 4303844821561524, guid: 312b31977ed9b2d48a14849ebb8c7fb3, type: 3}
      propertyPath: m_RootOrder
      value: 3
      objectReference: {fileID: 0}
    - target: {fileID: 4303844821561524, guid: 312b31977ed9b2d48a14849ebb8c7fb3, type: 3}
      propertyPath: m_LocalEulerAnglesHint.x
      value: 0
      objectReference: {fileID: 0}
    - target: {fileID: 4303844821561524, guid: 312b31977ed9b2d48a14849ebb8c7fb3, type: 3}
      propertyPath: m_LocalEulerAnglesHint.y
      value: -270.103
      objectReference: {fileID: 0}
    - target: {fileID: 4303844821561524, guid: 312b31977ed9b2d48a14849ebb8c7fb3, type: 3}
      propertyPath: m_LocalEulerAnglesHint.z
      value: 0
      objectReference: {fileID: 0}
    - target: {fileID: 4303844821561524, guid: 312b31977ed9b2d48a14849ebb8c7fb3, type: 3}
      propertyPath: m_LocalScale.x
      value: 5000.001
      objectReference: {fileID: 0}
    - target: {fileID: 4303844821561524, guid: 312b31977ed9b2d48a14849ebb8c7fb3, type: 3}
      propertyPath: m_LocalScale.y
      value: 5000
      objectReference: {fileID: 0}
    - target: {fileID: 4303844821561524, guid: 312b31977ed9b2d48a14849ebb8c7fb3, type: 3}
      propertyPath: m_LocalScale.z
      value: 5000.001
      objectReference: {fileID: 0}
    - target: {fileID: 761484689, guid: 312b31977ed9b2d48a14849ebb8c7fb3, type: 3}
      propertyPath: m_UseGravity
      value: 0
      objectReference: {fileID: 0}
    - target: {fileID: 4410910982438300, guid: 312b31977ed9b2d48a14849ebb8c7fb3, type: 3}
      propertyPath: m_LocalPosition.y
      value: -0.038
      objectReference: {fileID: 0}
    - target: {fileID: 963194225, guid: 312b31977ed9b2d48a14849ebb8c7fb3, type: 3}
      propertyPath: m_IsActive
      value: 0
      objectReference: {fileID: 0}
    - target: {fileID: 963194226, guid: 312b31977ed9b2d48a14849ebb8c7fb3, type: 3}
      propertyPath: m_Enabled
      value: 1
      objectReference: {fileID: 0}
    m_RemovedComponents:
    - {fileID: 983973117471200005, guid: 312b31977ed9b2d48a14849ebb8c7fb3, type: 3}
    - {fileID: 761484691, guid: 312b31977ed9b2d48a14849ebb8c7fb3, type: 3}
    - {fileID: 761484692, guid: 312b31977ed9b2d48a14849ebb8c7fb3, type: 3}
  m_SourcePrefab: {fileID: 100100000, guid: 312b31977ed9b2d48a14849ebb8c7fb3, type: 3}
--- !u!4 &651781378 stripped
Transform:
  m_CorrespondingSourceObject: {fileID: 4303844821561524, guid: 312b31977ed9b2d48a14849ebb8c7fb3,
    type: 3}
  m_PrefabInstance: {fileID: 1159950594}
  m_PrefabAsset: {fileID: 0}
--- !u!4 &782171660 stripped
Transform:
  m_CorrespondingSourceObject: {fileID: 4303844821561524, guid: 312b31977ed9b2d48a14849ebb8c7fb3,
    type: 3}
  m_PrefabInstance: {fileID: 807480940}
  m_PrefabAsset: {fileID: 0}
--- !u!1001 &807480940
PrefabInstance:
  m_ObjectHideFlags: 0
  serializedVersion: 2
  m_Modification:
    m_TransformParent: {fileID: 130413662}
    m_Modifications:
    - target: {fileID: 1311290861401530, guid: 312b31977ed9b2d48a14849ebb8c7fb3, type: 3}
      propertyPath: m_Name
      value: Toon Chicken (8)
      objectReference: {fileID: 0}
    - target: {fileID: 1311290861401530, guid: 312b31977ed9b2d48a14849ebb8c7fb3, type: 3}
      propertyPath: m_TagString
      value: Untagged
      objectReference: {fileID: 0}
    - target: {fileID: 4303844821561524, guid: 312b31977ed9b2d48a14849ebb8c7fb3, type: 3}
      propertyPath: m_LocalPosition.x
      value: 1271.8335
      objectReference: {fileID: 0}
    - target: {fileID: 4303844821561524, guid: 312b31977ed9b2d48a14849ebb8c7fb3, type: 3}
      propertyPath: m_LocalPosition.y
      value: -2026.752
      objectReference: {fileID: 0}
    - target: {fileID: 4303844821561524, guid: 312b31977ed9b2d48a14849ebb8c7fb3, type: 3}
      propertyPath: m_LocalPosition.z
      value: 1252.5826
      objectReference: {fileID: 0}
    - target: {fileID: 4303844821561524, guid: 312b31977ed9b2d48a14849ebb8c7fb3, type: 3}
      propertyPath: m_LocalRotation.x
      value: -0
      objectReference: {fileID: 0}
    - target: {fileID: 4303844821561524, guid: 312b31977ed9b2d48a14849ebb8c7fb3, type: 3}
      propertyPath: m_LocalRotation.y
      value: -0.92516
      objectReference: {fileID: 0}
    - target: {fileID: 4303844821561524, guid: 312b31977ed9b2d48a14849ebb8c7fb3, type: 3}
      propertyPath: m_LocalRotation.z
      value: -0
      objectReference: {fileID: 0}
    - target: {fileID: 4303844821561524, guid: 312b31977ed9b2d48a14849ebb8c7fb3, type: 3}
      propertyPath: m_LocalRotation.w
      value: 0.37957743
      objectReference: {fileID: 0}
    - target: {fileID: 4303844821561524, guid: 312b31977ed9b2d48a14849ebb8c7fb3, type: 3}
      propertyPath: m_RootOrder
      value: 7
      objectReference: {fileID: 0}
    - target: {fileID: 4303844821561524, guid: 312b31977ed9b2d48a14849ebb8c7fb3, type: 3}
      propertyPath: m_LocalEulerAnglesHint.x
      value: 0
      objectReference: {fileID: 0}
    - target: {fileID: 4303844821561524, guid: 312b31977ed9b2d48a14849ebb8c7fb3, type: 3}
      propertyPath: m_LocalEulerAnglesHint.y
      value: -135.385
      objectReference: {fileID: 0}
    - target: {fileID: 4303844821561524, guid: 312b31977ed9b2d48a14849ebb8c7fb3, type: 3}
      propertyPath: m_LocalEulerAnglesHint.z
      value: 0
      objectReference: {fileID: 0}
    - target: {fileID: 4303844821561524, guid: 312b31977ed9b2d48a14849ebb8c7fb3, type: 3}
      propertyPath: m_LocalScale.x
      value: 10000.004
      objectReference: {fileID: 0}
    - target: {fileID: 4303844821561524, guid: 312b31977ed9b2d48a14849ebb8c7fb3, type: 3}
      propertyPath: m_LocalScale.y
      value: 5000
      objectReference: {fileID: 0}
    - target: {fileID: 4303844821561524, guid: 312b31977ed9b2d48a14849ebb8c7fb3, type: 3}
      propertyPath: m_LocalScale.z
      value: 5000.002
      objectReference: {fileID: 0}
    - target: {fileID: 761484689, guid: 312b31977ed9b2d48a14849ebb8c7fb3, type: 3}
      propertyPath: m_UseGravity
      value: 0
      objectReference: {fileID: 0}
    - target: {fileID: 4410910982438300, guid: 312b31977ed9b2d48a14849ebb8c7fb3, type: 3}
      propertyPath: m_LocalPosition.y
      value: -0.038
      objectReference: {fileID: 0}
    - target: {fileID: 963194225, guid: 312b31977ed9b2d48a14849ebb8c7fb3, type: 3}
      propertyPath: m_IsActive
      value: 0
      objectReference: {fileID: 0}
    - target: {fileID: 963194226, guid: 312b31977ed9b2d48a14849ebb8c7fb3, type: 3}
      propertyPath: m_Enabled
      value: 1
      objectReference: {fileID: 0}
    m_RemovedComponents:
    - {fileID: 983973117471200005, guid: 312b31977ed9b2d48a14849ebb8c7fb3, type: 3}
    - {fileID: 761484691, guid: 312b31977ed9b2d48a14849ebb8c7fb3, type: 3}
    - {fileID: 761484692, guid: 312b31977ed9b2d48a14849ebb8c7fb3, type: 3}
  m_SourcePrefab: {fileID: 100100000, guid: 312b31977ed9b2d48a14849ebb8c7fb3, type: 3}
--- !u!1001 &850804522
PrefabInstance:
  m_ObjectHideFlags: 0
  serializedVersion: 2
  m_Modification:
    m_TransformParent: {fileID: 40786672}
    m_Modifications:
    - target: {fileID: 1901519579059870, guid: d3f3d3387da467d4a843b9f7ac654a4a, type: 3}
      propertyPath: m_Name
      value: Grass (4)
      objectReference: {fileID: 0}
    - target: {fileID: 4806926053449198, guid: d3f3d3387da467d4a843b9f7ac654a4a, type: 3}
      propertyPath: m_LocalPosition.x
      value: -0.525074
      objectReference: {fileID: 0}
    - target: {fileID: 4806926053449198, guid: d3f3d3387da467d4a843b9f7ac654a4a, type: 3}
      propertyPath: m_LocalPosition.y
      value: -1.2654582
      objectReference: {fileID: 0}
    - target: {fileID: 4806926053449198, guid: d3f3d3387da467d4a843b9f7ac654a4a, type: 3}
      propertyPath: m_LocalPosition.z
      value: 22.799595
      objectReference: {fileID: 0}
    - target: {fileID: 4806926053449198, guid: d3f3d3387da467d4a843b9f7ac654a4a, type: 3}
      propertyPath: m_LocalRotation.x
      value: -0
      objectReference: {fileID: 0}
    - target: {fileID: 4806926053449198, guid: d3f3d3387da467d4a843b9f7ac654a4a, type: 3}
      propertyPath: m_LocalRotation.y
      value: -0
      objectReference: {fileID: 0}
    - target: {fileID: 4806926053449198, guid: d3f3d3387da467d4a843b9f7ac654a4a, type: 3}
      propertyPath: m_LocalRotation.z
      value: -0
      objectReference: {fileID: 0}
    - target: {fileID: 4806926053449198, guid: d3f3d3387da467d4a843b9f7ac654a4a, type: 3}
      propertyPath: m_LocalRotation.w
      value: 1
      objectReference: {fileID: 0}
    - target: {fileID: 4806926053449198, guid: d3f3d3387da467d4a843b9f7ac654a4a, type: 3}
      propertyPath: m_RootOrder
      value: 0
      objectReference: {fileID: 0}
    - target: {fileID: 4806926053449198, guid: d3f3d3387da467d4a843b9f7ac654a4a, type: 3}
      propertyPath: m_LocalEulerAnglesHint.x
      value: 0
      objectReference: {fileID: 0}
    - target: {fileID: 4806926053449198, guid: d3f3d3387da467d4a843b9f7ac654a4a, type: 3}
      propertyPath: m_LocalEulerAnglesHint.y
      value: 0
      objectReference: {fileID: 0}
    - target: {fileID: 4806926053449198, guid: d3f3d3387da467d4a843b9f7ac654a4a, type: 3}
      propertyPath: m_LocalEulerAnglesHint.z
      value: 0
      objectReference: {fileID: 0}
    m_RemovedComponents: []
  m_SourcePrefab: {fileID: 100100000, guid: d3f3d3387da467d4a843b9f7ac654a4a, type: 3}
--- !u!1001 &908596061
PrefabInstance:
  m_ObjectHideFlags: 0
  serializedVersion: 2
  m_Modification:
    m_TransformParent: {fileID: 130413662}
    m_Modifications:
    - target: {fileID: 1311290861401530, guid: 312b31977ed9b2d48a14849ebb8c7fb3, type: 3}
      propertyPath: m_Name
      value: Toon Chicken (7)
      objectReference: {fileID: 0}
    - target: {fileID: 1311290861401530, guid: 312b31977ed9b2d48a14849ebb8c7fb3, type: 3}
      propertyPath: m_TagString
      value: Untagged
      objectReference: {fileID: 0}
    - target: {fileID: 4303844821561524, guid: 312b31977ed9b2d48a14849ebb8c7fb3, type: 3}
      propertyPath: m_LocalPosition.x
      value: -1957.1665
      objectReference: {fileID: 0}
    - target: {fileID: 4303844821561524, guid: 312b31977ed9b2d48a14849ebb8c7fb3, type: 3}
      propertyPath: m_LocalPosition.y
      value: -2026.752
      objectReference: {fileID: 0}
    - target: {fileID: 4303844821561524, guid: 312b31977ed9b2d48a14849ebb8c7fb3, type: 3}
      propertyPath: m_LocalPosition.z
      value: -1839.4174
      objectReference: {fileID: 0}
    - target: {fileID: 4303844821561524, guid: 312b31977ed9b2d48a14849ebb8c7fb3, type: 3}
      propertyPath: m_LocalRotation.x
      value: -0
      objectReference: {fileID: 0}
    - target: {fileID: 4303844821561524, guid: 312b31977ed9b2d48a14849ebb8c7fb3, type: 3}
      propertyPath: m_LocalRotation.y
      value: 0.38578647
      objectReference: {fileID: 0}
    - target: {fileID: 4303844821561524, guid: 312b31977ed9b2d48a14849ebb8c7fb3, type: 3}
      propertyPath: m_LocalRotation.z
      value: -0
      objectReference: {fileID: 0}
    - target: {fileID: 4303844821561524, guid: 312b31977ed9b2d48a14849ebb8c7fb3, type: 3}
      propertyPath: m_LocalRotation.w
      value: 0.9225881
      objectReference: {fileID: 0}
    - target: {fileID: 4303844821561524, guid: 312b31977ed9b2d48a14849ebb8c7fb3, type: 3}
      propertyPath: m_RootOrder
      value: 6
      objectReference: {fileID: 0}
    - target: {fileID: 4303844821561524, guid: 312b31977ed9b2d48a14849ebb8c7fb3, type: 3}
      propertyPath: m_LocalEulerAnglesHint.x
      value: 0
      objectReference: {fileID: 0}
    - target: {fileID: 4303844821561524, guid: 312b31977ed9b2d48a14849ebb8c7fb3, type: 3}
      propertyPath: m_LocalEulerAnglesHint.y
      value: 45.385002
      objectReference: {fileID: 0}
    - target: {fileID: 4303844821561524, guid: 312b31977ed9b2d48a14849ebb8c7fb3, type: 3}
      propertyPath: m_LocalEulerAnglesHint.z
      value: 0
      objectReference: {fileID: 0}
    - target: {fileID: 4303844821561524, guid: 312b31977ed9b2d48a14849ebb8c7fb3, type: 3}
      propertyPath: m_LocalScale.x
      value: 10000.002
      objectReference: {fileID: 0}
    - target: {fileID: 4303844821561524, guid: 312b31977ed9b2d48a14849ebb8c7fb3, type: 3}
      propertyPath: m_LocalScale.y
      value: 5000
      objectReference: {fileID: 0}
    - target: {fileID: 4303844821561524, guid: 312b31977ed9b2d48a14849ebb8c7fb3, type: 3}
      propertyPath: m_LocalScale.z
      value: 5000.001
      objectReference: {fileID: 0}
    - target: {fileID: 761484689, guid: 312b31977ed9b2d48a14849ebb8c7fb3, type: 3}
      propertyPath: m_UseGravity
      value: 0
      objectReference: {fileID: 0}
    - target: {fileID: 4410910982438300, guid: 312b31977ed9b2d48a14849ebb8c7fb3, type: 3}
      propertyPath: m_LocalPosition.y
      value: -0.038
      objectReference: {fileID: 0}
    - target: {fileID: 963194225, guid: 312b31977ed9b2d48a14849ebb8c7fb3, type: 3}
      propertyPath: m_IsActive
      value: 0
      objectReference: {fileID: 0}
    - target: {fileID: 963194226, guid: 312b31977ed9b2d48a14849ebb8c7fb3, type: 3}
      propertyPath: m_Enabled
      value: 1
      objectReference: {fileID: 0}
    m_RemovedComponents:
    - {fileID: 983973117471200005, guid: 312b31977ed9b2d48a14849ebb8c7fb3, type: 3}
    - {fileID: 761484691, guid: 312b31977ed9b2d48a14849ebb8c7fb3, type: 3}
    - {fileID: 761484692, guid: 312b31977ed9b2d48a14849ebb8c7fb3, type: 3}
  m_SourcePrefab: {fileID: 100100000, guid: 312b31977ed9b2d48a14849ebb8c7fb3, type: 3}
--- !u!1001 &918149924
PrefabInstance:
  m_ObjectHideFlags: 0
  serializedVersion: 2
  m_Modification:
    m_TransformParent: {fileID: 40786672}
    m_Modifications:
    - target: {fileID: 1901519579059870, guid: d3f3d3387da467d4a843b9f7ac654a4a, type: 3}
      propertyPath: m_Name
      value: Grass
      objectReference: {fileID: 0}
    - target: {fileID: 4806926053449198, guid: d3f3d3387da467d4a843b9f7ac654a4a, type: 3}
      propertyPath: m_LocalPosition.x
      value: 2.0785
      objectReference: {fileID: 0}
    - target: {fileID: 4806926053449198, guid: d3f3d3387da467d4a843b9f7ac654a4a, type: 3}
      propertyPath: m_LocalPosition.y
      value: -1.2654582
      objectReference: {fileID: 0}
    - target: {fileID: 4806926053449198, guid: d3f3d3387da467d4a843b9f7ac654a4a, type: 3}
      propertyPath: m_LocalPosition.z
      value: -0.86456406
      objectReference: {fileID: 0}
    - target: {fileID: 4806926053449198, guid: d3f3d3387da467d4a843b9f7ac654a4a, type: 3}
      propertyPath: m_LocalRotation.x
      value: -0
      objectReference: {fileID: 0}
    - target: {fileID: 4806926053449198, guid: d3f3d3387da467d4a843b9f7ac654a4a, type: 3}
      propertyPath: m_LocalRotation.y
      value: -0
      objectReference: {fileID: 0}
    - target: {fileID: 4806926053449198, guid: d3f3d3387da467d4a843b9f7ac654a4a, type: 3}
      propertyPath: m_LocalRotation.z
      value: -0
      objectReference: {fileID: 0}
    - target: {fileID: 4806926053449198, guid: d3f3d3387da467d4a843b9f7ac654a4a, type: 3}
      propertyPath: m_LocalRotation.w
      value: 1
      objectReference: {fileID: 0}
    - target: {fileID: 4806926053449198, guid: d3f3d3387da467d4a843b9f7ac654a4a, type: 3}
      propertyPath: m_RootOrder
      value: 4
      objectReference: {fileID: 0}
    - target: {fileID: 4806926053449198, guid: d3f3d3387da467d4a843b9f7ac654a4a, type: 3}
      propertyPath: m_LocalEulerAnglesHint.x
      value: 0
      objectReference: {fileID: 0}
    - target: {fileID: 4806926053449198, guid: d3f3d3387da467d4a843b9f7ac654a4a, type: 3}
      propertyPath: m_LocalEulerAnglesHint.y
      value: 0
      objectReference: {fileID: 0}
    - target: {fileID: 4806926053449198, guid: d3f3d3387da467d4a843b9f7ac654a4a, type: 3}
      propertyPath: m_LocalEulerAnglesHint.z
      value: 0
      objectReference: {fileID: 0}
    - target: {fileID: 7479784124590124446, guid: d3f3d3387da467d4a843b9f7ac654a4a,
        type: 3}
      propertyPath: m_IsActive
      value: 1
      objectReference: {fileID: 0}
    m_RemovedComponents: []
  m_SourcePrefab: {fileID: 100100000, guid: d3f3d3387da467d4a843b9f7ac654a4a, type: 3}
--- !u!4 &1065317173 stripped
Transform:
  m_CorrespondingSourceObject: {fileID: 4806926053449198, guid: d3f3d3387da467d4a843b9f7ac654a4a,
    type: 3}
  m_PrefabInstance: {fileID: 1502025497}
  m_PrefabAsset: {fileID: 0}
--- !u!1 &1114040580
GameObject:
  m_ObjectHideFlags: 0
  m_CorrespondingSourceObject: {fileID: 0}
  m_PrefabInstance: {fileID: 0}
  m_PrefabAsset: {fileID: 0}
  serializedVersion: 6
  m_Component:
  - component: {fileID: 1114040581}
  - component: {fileID: 1114040584}
  - component: {fileID: 1114040583}
  - component: {fileID: 1114040582}
  m_Layer: 5
  m_Name: Text (1)
  m_TagString: Untagged
  m_Icon: {fileID: 0}
  m_NavMeshLayer: 0
  m_StaticEditorFlags: 0
  m_IsActive: 1
--- !u!224 &1114040581
RectTransform:
  m_ObjectHideFlags: 0
  m_CorrespondingSourceObject: {fileID: 0}
  m_PrefabInstance: {fileID: 0}
  m_PrefabAsset: {fileID: 0}
  m_GameObject: {fileID: 1114040580}
  m_LocalRotation: {x: -0, y: -0, z: -0, w: 1}
  m_LocalPosition: {x: 0, y: 0, z: 0}
  m_LocalScale: {x: 0.99992555, y: 0.99992514, z: 0.99992555}
  m_Children: []
  m_Father: {fileID: 165585584}
  m_RootOrder: 1
  m_LocalEulerAnglesHint: {x: 0, y: 0, z: 0}
  m_AnchorMin: {x: 0.5, y: 0.5}
  m_AnchorMax: {x: 0.5, y: 0.5}
  m_AnchoredPosition: {x: 61.9, y: 0.0011502}
  m_SizeDelta: {x: 101.79, y: 91.86}
  m_Pivot: {x: 0.5, y: 0.5}
--- !u!114 &1114040582
MonoBehaviour:
  m_ObjectHideFlags: 0
  m_CorrespondingSourceObject: {fileID: 0}
  m_PrefabInstance: {fileID: 0}
  m_PrefabAsset: {fileID: 0}
  m_GameObject: {fileID: 1114040580}
  m_Enabled: 1
  m_EditorHideFlags: 0
  m_Script: {fileID: 11500000, guid: adb7d4bcbe1b5d643be44e65f2470e18, type: 3}
  m_Name: 
  m_EditorClassIdentifier: 
  score: {fileID: 0}
--- !u!114 &1114040583
MonoBehaviour:
  m_ObjectHideFlags: 0
  m_CorrespondingSourceObject: {fileID: 0}
  m_PrefabInstance: {fileID: 0}
  m_PrefabAsset: {fileID: 0}
  m_GameObject: {fileID: 1114040580}
  m_Enabled: 1
  m_EditorHideFlags: 0
  m_Script: {fileID: 11500000, guid: 5f7201a12d95ffc409449d95f23cf332, type: 3}
  m_Name: 
  m_EditorClassIdentifier: 
  m_Material: {fileID: 0}
  m_Color: {r: 0.19607843, g: 0.19607843, b: 0.19607843, a: 1}
  m_RaycastTarget: 1
  m_OnCullStateChanged:
    m_PersistentCalls:
      m_Calls: []
    m_TypeName: UnityEngine.UI.MaskableGraphic+CullStateChangedEvent, UnityEngine.UI,
      Version=1.0.0.0, Culture=neutral, PublicKeyToken=null
  m_FontData:
    m_Font: {fileID: 10102, guid: 0000000000000000e000000000000000, type: 0}
    m_FontSize: 14
    m_FontStyle: 0
    m_BestFit: 1
    m_MinSize: 10
    m_MaxSize: 40
    m_Alignment: 4
    m_AlignByGeometry: 0
    m_RichText: 1
    m_HorizontalOverflow: 0
    m_VerticalOverflow: 0
    m_LineSpacing: 1
  m_Text: 
--- !u!222 &1114040584
CanvasRenderer:
  m_ObjectHideFlags: 0
  m_CorrespondingSourceObject: {fileID: 0}
  m_PrefabInstance: {fileID: 0}
  m_PrefabAsset: {fileID: 0}
  m_GameObject: {fileID: 1114040580}
  m_CullTransparentMesh: 0
--- !u!1001 &1126834455
PrefabInstance:
  m_ObjectHideFlags: 0
  serializedVersion: 2
  m_Modification:
    m_TransformParent: {fileID: 130413662}
    m_Modifications:
    - target: {fileID: 1311290861401530, guid: 312b31977ed9b2d48a14849ebb8c7fb3, type: 3}
      propertyPath: m_Name
      value: Toon Chicken (5)
      objectReference: {fileID: 0}
    - target: {fileID: 1311290861401530, guid: 312b31977ed9b2d48a14849ebb8c7fb3, type: 3}
      propertyPath: m_TagString
      value: Untagged
      objectReference: {fileID: 0}
    - target: {fileID: 4303844821561524, guid: 312b31977ed9b2d48a14849ebb8c7fb3, type: 3}
      propertyPath: m_LocalPosition.x
      value: -1518.606
      objectReference: {fileID: 0}
    - target: {fileID: 4303844821561524, guid: 312b31977ed9b2d48a14849ebb8c7fb3, type: 3}
      propertyPath: m_LocalPosition.y
      value: -2026.752
      objectReference: {fileID: 0}
    - target: {fileID: 4303844821561524, guid: 312b31977ed9b2d48a14849ebb8c7fb3, type: 3}
      propertyPath: m_LocalPosition.z
      value: 1532.1431
      objectReference: {fileID: 0}
    - target: {fileID: 4303844821561524, guid: 312b31977ed9b2d48a14849ebb8c7fb3, type: 3}
      propertyPath: m_LocalRotation.x
      value: -0
      objectReference: {fileID: 0}
    - target: {fileID: 4303844821561524, guid: 312b31977ed9b2d48a14849ebb8c7fb3, type: 3}
      propertyPath: m_LocalRotation.y
      value: -0.92353404
      objectReference: {fileID: 0}
    - target: {fileID: 4303844821561524, guid: 312b31977ed9b2d48a14849ebb8c7fb3, type: 3}
      propertyPath: m_LocalRotation.z
      value: -0
      objectReference: {fileID: 0}
    - target: {fileID: 4303844821561524, guid: 312b31977ed9b2d48a14849ebb8c7fb3, type: 3}
      propertyPath: m_LocalRotation.w
      value: -0.3835165
      objectReference: {fileID: 0}
    - target: {fileID: 4303844821561524, guid: 312b31977ed9b2d48a14849ebb8c7fb3, type: 3}
      propertyPath: m_RootOrder
      value: 4
      objectReference: {fileID: 0}
    - target: {fileID: 4303844821561524, guid: 312b31977ed9b2d48a14849ebb8c7fb3, type: 3}
      propertyPath: m_LocalEulerAnglesHint.x
      value: 0
      objectReference: {fileID: 0}
    - target: {fileID: 4303844821561524, guid: 312b31977ed9b2d48a14849ebb8c7fb3, type: 3}
      propertyPath: m_LocalEulerAnglesHint.y
      value: -225.103
      objectReference: {fileID: 0}
    - target: {fileID: 4303844821561524, guid: 312b31977ed9b2d48a14849ebb8c7fb3, type: 3}
      propertyPath: m_LocalEulerAnglesHint.z
      value: 0
      objectReference: {fileID: 0}
    - target: {fileID: 4303844821561524, guid: 312b31977ed9b2d48a14849ebb8c7fb3, type: 3}
      propertyPath: m_LocalScale.x
      value: 10000
      objectReference: {fileID: 0}
    - target: {fileID: 4303844821561524, guid: 312b31977ed9b2d48a14849ebb8c7fb3, type: 3}
      propertyPath: m_LocalScale.y
      value: 5000
      objectReference: {fileID: 0}
    - target: {fileID: 4303844821561524, guid: 312b31977ed9b2d48a14849ebb8c7fb3, type: 3}
      propertyPath: m_LocalScale.z
      value: 5000
      objectReference: {fileID: 0}
    - target: {fileID: 761484689, guid: 312b31977ed9b2d48a14849ebb8c7fb3, type: 3}
      propertyPath: m_UseGravity
      value: 0
      objectReference: {fileID: 0}
    - target: {fileID: 4410910982438300, guid: 312b31977ed9b2d48a14849ebb8c7fb3, type: 3}
      propertyPath: m_LocalPosition.y
      value: -0.038
      objectReference: {fileID: 0}
    - target: {fileID: 963194225, guid: 312b31977ed9b2d48a14849ebb8c7fb3, type: 3}
      propertyPath: m_IsActive
      value: 0
      objectReference: {fileID: 0}
    - target: {fileID: 963194226, guid: 312b31977ed9b2d48a14849ebb8c7fb3, type: 3}
      propertyPath: m_Enabled
      value: 1
      objectReference: {fileID: 0}
    m_RemovedComponents:
    - {fileID: 983973117471200005, guid: 312b31977ed9b2d48a14849ebb8c7fb3, type: 3}
    - {fileID: 761484691, guid: 312b31977ed9b2d48a14849ebb8c7fb3, type: 3}
    - {fileID: 761484692, guid: 312b31977ed9b2d48a14849ebb8c7fb3, type: 3}
  m_SourcePrefab: {fileID: 100100000, guid: 312b31977ed9b2d48a14849ebb8c7fb3, type: 3}
--- !u!1001 &1159950594
PrefabInstance:
  m_ObjectHideFlags: 0
  serializedVersion: 2
  m_Modification:
    m_TransformParent: {fileID: 130413662}
    m_Modifications:
    - target: {fileID: 1311290861401530, guid: 312b31977ed9b2d48a14849ebb8c7fb3, type: 3}
      propertyPath: m_Name
      value: Toon Chicken (6)
      objectReference: {fileID: 0}
    - target: {fileID: 1311290861401530, guid: 312b31977ed9b2d48a14849ebb8c7fb3, type: 3}
      propertyPath: m_TagString
      value: Untagged
      objectReference: {fileID: 0}
    - target: {fileID: 4303844821561524, guid: 312b31977ed9b2d48a14849ebb8c7fb3, type: 3}
      propertyPath: m_LocalPosition.x
      value: -165.1665
      objectReference: {fileID: 0}
    - target: {fileID: 4303844821561524, guid: 312b31977ed9b2d48a14849ebb8c7fb3, type: 3}
      propertyPath: m_LocalPosition.y
      value: -2026.752
      objectReference: {fileID: 0}
    - target: {fileID: 4303844821561524, guid: 312b31977ed9b2d48a14849ebb8c7fb3, type: 3}
      propertyPath: m_LocalPosition.z
      value: 2398.5828
      objectReference: {fileID: 0}
    - target: {fileID: 4303844821561524, guid: 312b31977ed9b2d48a14849ebb8c7fb3, type: 3}
      propertyPath: m_LocalRotation.x
      value: -0
      objectReference: {fileID: 0}
    - target: {fileID: 4303844821561524, guid: 312b31977ed9b2d48a14849ebb8c7fb3, type: 3}
      propertyPath: m_LocalRotation.y
      value: -0.9999996
      objectReference: {fileID: 0}
    - target: {fileID: 4303844821561524, guid: 312b31977ed9b2d48a14849ebb8c7fb3, type: 3}
      propertyPath: m_LocalRotation.z
      value: -0
      objectReference: {fileID: 0}
    - target: {fileID: 4303844821561524, guid: 312b31977ed9b2d48a14849ebb8c7fb3, type: 3}
      propertyPath: m_LocalRotation.w
      value: -0.0009012959
      objectReference: {fileID: 0}
    - target: {fileID: 4303844821561524, guid: 312b31977ed9b2d48a14849ebb8c7fb3, type: 3}
      propertyPath: m_RootOrder
      value: 5
      objectReference: {fileID: 0}
    - target: {fileID: 4303844821561524, guid: 312b31977ed9b2d48a14849ebb8c7fb3, type: 3}
      propertyPath: m_LocalEulerAnglesHint.x
      value: 0
      objectReference: {fileID: 0}
    - target: {fileID: 4303844821561524, guid: 312b31977ed9b2d48a14849ebb8c7fb3, type: 3}
      propertyPath: m_LocalEulerAnglesHint.y
      value: -180.103
      objectReference: {fileID: 0}
    - target: {fileID: 4303844821561524, guid: 312b31977ed9b2d48a14849ebb8c7fb3, type: 3}
      propertyPath: m_LocalEulerAnglesHint.z
      value: 0
      objectReference: {fileID: 0}
    - target: {fileID: 4303844821561524, guid: 312b31977ed9b2d48a14849ebb8c7fb3, type: 3}
      propertyPath: m_LocalScale.x
      value: 4999.999
      objectReference: {fileID: 0}
    - target: {fileID: 4303844821561524, guid: 312b31977ed9b2d48a14849ebb8c7fb3, type: 3}
      propertyPath: m_LocalScale.y
      value: 5000
      objectReference: {fileID: 0}
    - target: {fileID: 4303844821561524, guid: 312b31977ed9b2d48a14849ebb8c7fb3, type: 3}
      propertyPath: m_LocalScale.z
      value: 4999.999
      objectReference: {fileID: 0}
    - target: {fileID: 761484689, guid: 312b31977ed9b2d48a14849ebb8c7fb3, type: 3}
      propertyPath: m_UseGravity
      value: 0
      objectReference: {fileID: 0}
    - target: {fileID: 4410910982438300, guid: 312b31977ed9b2d48a14849ebb8c7fb3, type: 3}
      propertyPath: m_LocalPosition.y
      value: -0.038
      objectReference: {fileID: 0}
    - target: {fileID: 963194225, guid: 312b31977ed9b2d48a14849ebb8c7fb3, type: 3}
      propertyPath: m_IsActive
      value: 0
      objectReference: {fileID: 0}
    - target: {fileID: 963194226, guid: 312b31977ed9b2d48a14849ebb8c7fb3, type: 3}
      propertyPath: m_Enabled
      value: 1
      objectReference: {fileID: 0}
    m_RemovedComponents:
    - {fileID: 983973117471200005, guid: 312b31977ed9b2d48a14849ebb8c7fb3, type: 3}
    - {fileID: 761484691, guid: 312b31977ed9b2d48a14849ebb8c7fb3, type: 3}
    - {fileID: 761484692, guid: 312b31977ed9b2d48a14849ebb8c7fb3, type: 3}
  m_SourcePrefab: {fileID: 100100000, guid: 312b31977ed9b2d48a14849ebb8c7fb3, type: 3}
--- !u!4 &1261156244 stripped
Transform:
  m_CorrespondingSourceObject: {fileID: 4303844821561524, guid: 312b31977ed9b2d48a14849ebb8c7fb3,
    type: 3}
  m_PrefabInstance: {fileID: 630971668}
  m_PrefabAsset: {fileID: 0}
--- !u!4 &1369026495 stripped
Transform:
  m_CorrespondingSourceObject: {fileID: 4806926053449198, guid: d3f3d3387da467d4a843b9f7ac654a4a,
    type: 3}
  m_PrefabInstance: {fileID: 462297228}
  m_PrefabAsset: {fileID: 0}
--- !u!1001 &1394106981
PrefabInstance:
  m_ObjectHideFlags: 0
  serializedVersion: 2
  m_Modification:
    m_TransformParent: {fileID: 130413662}
    m_Modifications:
    - target: {fileID: 1311290861401530, guid: 312b31977ed9b2d48a14849ebb8c7fb3, type: 3}
      propertyPath: m_Name
      value: Toon Chicken (2)
      objectReference: {fileID: 0}
    - target: {fileID: 1311290861401530, guid: 312b31977ed9b2d48a14849ebb8c7fb3, type: 3}
      propertyPath: m_TagString
      value: Untagged
      objectReference: {fileID: 0}
    - target: {fileID: 4303844821561524, guid: 312b31977ed9b2d48a14849ebb8c7fb3, type: 3}
      propertyPath: m_LocalPosition.x
      value: 1825.8335
      objectReference: {fileID: 0}
    - target: {fileID: 4303844821561524, guid: 312b31977ed9b2d48a14849ebb8c7fb3, type: 3}
      propertyPath: m_LocalPosition.y
      value: -2026.752
      objectReference: {fileID: 0}
    - target: {fileID: 4303844821561524, guid: 312b31977ed9b2d48a14849ebb8c7fb3, type: 3}
      propertyPath: m_LocalPosition.z
      value: -500.41733
      objectReference: {fileID: 0}
    - target: {fileID: 4303844821561524, guid: 312b31977ed9b2d48a14849ebb8c7fb3, type: 3}
      propertyPath: m_LocalRotation.x
      value: -0
      objectReference: {fileID: 0}
    - target: {fileID: 4303844821561524, guid: 312b31977ed9b2d48a14849ebb8c7fb3, type: 3}
      propertyPath: m_LocalRotation.y
      value: -0.7071068
      objectReference: {fileID: 0}
    - target: {fileID: 4303844821561524, guid: 312b31977ed9b2d48a14849ebb8c7fb3, type: 3}
      propertyPath: m_LocalRotation.z
      value: -0
      objectReference: {fileID: 0}
    - target: {fileID: 4303844821561524, guid: 312b31977ed9b2d48a14849ebb8c7fb3, type: 3}
      propertyPath: m_LocalRotation.w
      value: 0.7071068
      objectReference: {fileID: 0}
    - target: {fileID: 4303844821561524, guid: 312b31977ed9b2d48a14849ebb8c7fb3, type: 3}
      propertyPath: m_RootOrder
      value: 0
      objectReference: {fileID: 0}
    - target: {fileID: 4303844821561524, guid: 312b31977ed9b2d48a14849ebb8c7fb3, type: 3}
      propertyPath: m_LocalEulerAnglesHint.x
      value: 0
      objectReference: {fileID: 0}
    - target: {fileID: 4303844821561524, guid: 312b31977ed9b2d48a14849ebb8c7fb3, type: 3}
      propertyPath: m_LocalEulerAnglesHint.y
      value: -90
      objectReference: {fileID: 0}
    - target: {fileID: 4303844821561524, guid: 312b31977ed9b2d48a14849ebb8c7fb3, type: 3}
      propertyPath: m_LocalEulerAnglesHint.z
      value: 0
      objectReference: {fileID: 0}
    - target: {fileID: 4303844821561524, guid: 312b31977ed9b2d48a14849ebb8c7fb3, type: 3}
      propertyPath: m_LocalScale.x
      value: 5000.002
      objectReference: {fileID: 0}
    - target: {fileID: 4303844821561524, guid: 312b31977ed9b2d48a14849ebb8c7fb3, type: 3}
      propertyPath: m_LocalScale.y
      value: 5000
      objectReference: {fileID: 0}
    - target: {fileID: 4303844821561524, guid: 312b31977ed9b2d48a14849ebb8c7fb3, type: 3}
      propertyPath: m_LocalScale.z
      value: 5000.002
      objectReference: {fileID: 0}
    - target: {fileID: 761484689, guid: 312b31977ed9b2d48a14849ebb8c7fb3, type: 3}
      propertyPath: m_UseGravity
      value: 0
      objectReference: {fileID: 0}
    - target: {fileID: 4410910982438300, guid: 312b31977ed9b2d48a14849ebb8c7fb3, type: 3}
      propertyPath: m_LocalPosition.y
      value: -0.038
      objectReference: {fileID: 0}
    - target: {fileID: 963194225, guid: 312b31977ed9b2d48a14849ebb8c7fb3, type: 3}
      propertyPath: m_IsActive
      value: 0
      objectReference: {fileID: 0}
    - target: {fileID: 963194226, guid: 312b31977ed9b2d48a14849ebb8c7fb3, type: 3}
      propertyPath: m_Enabled
      value: 1
      objectReference: {fileID: 0}
    m_RemovedComponents:
    - {fileID: 983973117471200005, guid: 312b31977ed9b2d48a14849ebb8c7fb3, type: 3}
    - {fileID: 761484691, guid: 312b31977ed9b2d48a14849ebb8c7fb3, type: 3}
    - {fileID: 761484692, guid: 312b31977ed9b2d48a14849ebb8c7fb3, type: 3}
  m_SourcePrefab: {fileID: 100100000, guid: 312b31977ed9b2d48a14849ebb8c7fb3, type: 3}
--- !u!4 &1490593168 stripped
Transform:
  m_CorrespondingSourceObject: {fileID: 4303844821561524, guid: 312b31977ed9b2d48a14849ebb8c7fb3,
    type: 3}
  m_PrefabInstance: {fileID: 2031359342}
  m_PrefabAsset: {fileID: 0}
--- !u!1001 &1502025497
PrefabInstance:
  m_ObjectHideFlags: 0
  serializedVersion: 2
  m_Modification:
    m_TransformParent: {fileID: 40786672}
    m_Modifications:
    - target: {fileID: 1901519579059870, guid: d3f3d3387da467d4a843b9f7ac654a4a, type: 3}
      propertyPath: m_Name
      value: Grass (2)
      objectReference: {fileID: 0}
    - target: {fileID: 4806926053449198, guid: d3f3d3387da467d4a843b9f7ac654a4a, type: 3}
      propertyPath: m_LocalPosition.x
      value: -31.092617
      objectReference: {fileID: 0}
    - target: {fileID: 4806926053449198, guid: d3f3d3387da467d4a843b9f7ac654a4a, type: 3}
      propertyPath: m_LocalPosition.y
      value: -1.2654582
      objectReference: {fileID: 0}
    - target: {fileID: 4806926053449198, guid: d3f3d3387da467d4a843b9f7ac654a4a, type: 3}
      propertyPath: m_LocalPosition.z
      value: 1.3239225
      objectReference: {fileID: 0}
    - target: {fileID: 4806926053449198, guid: d3f3d3387da467d4a843b9f7ac654a4a, type: 3}
      propertyPath: m_LocalRotation.x
      value: -0
      objectReference: {fileID: 0}
    - target: {fileID: 4806926053449198, guid: d3f3d3387da467d4a843b9f7ac654a4a, type: 3}
      propertyPath: m_LocalRotation.y
      value: -0
      objectReference: {fileID: 0}
    - target: {fileID: 4806926053449198, guid: d3f3d3387da467d4a843b9f7ac654a4a, type: 3}
      propertyPath: m_LocalRotation.z
      value: -0
      objectReference: {fileID: 0}
    - target: {fileID: 4806926053449198, guid: d3f3d3387da467d4a843b9f7ac654a4a, type: 3}
      propertyPath: m_LocalRotation.w
      value: 1
      objectReference: {fileID: 0}
    - target: {fileID: 4806926053449198, guid: d3f3d3387da467d4a843b9f7ac654a4a, type: 3}
      propertyPath: m_RootOrder
      value: 2
      objectReference: {fileID: 0}
    - target: {fileID: 4806926053449198, guid: d3f3d3387da467d4a843b9f7ac654a4a, type: 3}
      propertyPath: m_LocalEulerAnglesHint.x
      value: 0
      objectReference: {fileID: 0}
    - target: {fileID: 4806926053449198, guid: d3f3d3387da467d4a843b9f7ac654a4a, type: 3}
      propertyPath: m_LocalEulerAnglesHint.y
      value: 0
      objectReference: {fileID: 0}
    - target: {fileID: 4806926053449198, guid: d3f3d3387da467d4a843b9f7ac654a4a, type: 3}
      propertyPath: m_LocalEulerAnglesHint.z
      value: 0
      objectReference: {fileID: 0}
    m_RemovedComponents: []
  m_SourcePrefab: {fileID: 100100000, guid: d3f3d3387da467d4a843b9f7ac654a4a, type: 3}
--- !u!4 &1519823012 stripped
Transform:
  m_CorrespondingSourceObject: {fileID: 4303844821561524, guid: 312b31977ed9b2d48a14849ebb8c7fb3,
    type: 3}
  m_PrefabInstance: {fileID: 414051999}
  m_PrefabAsset: {fileID: 0}
--- !u!4 &1542794248 stripped
Transform:
  m_CorrespondingSourceObject: {fileID: 4806926053449198, guid: d3f3d3387da467d4a843b9f7ac654a4a,
    type: 3}
  m_PrefabInstance: {fileID: 850804522}
  m_PrefabAsset: {fileID: 0}
--- !u!1 &1577749883
GameObject:
  m_ObjectHideFlags: 0
  m_CorrespondingSourceObject: {fileID: 0}
  m_PrefabInstance: {fileID: 0}
  m_PrefabAsset: {fileID: 0}
  serializedVersion: 6
  m_Component:
  - component: {fileID: 1577749884}
  - component: {fileID: 1577749886}
  - component: {fileID: 1577749885}
  m_Layer: 5
  m_Name: Text
  m_TagString: Untagged
  m_Icon: {fileID: 0}
  m_NavMeshLayer: 0
  m_StaticEditorFlags: 0
  m_IsActive: 1
--- !u!224 &1577749884
RectTransform:
  m_ObjectHideFlags: 0
  m_CorrespondingSourceObject: {fileID: 0}
  m_PrefabInstance: {fileID: 0}
  m_PrefabAsset: {fileID: 0}
  m_GameObject: {fileID: 1577749883}
  m_LocalRotation: {x: 0, y: 0, z: 0, w: 1}
  m_LocalPosition: {x: 0, y: 0, z: 0}
  m_LocalScale: {x: 1, y: 1, z: 1}
  m_Children: []
  m_Father: {fileID: 165585584}
  m_RootOrder: 0
  m_LocalEulerAnglesHint: {x: 0, y: 0, z: 0}
  m_AnchorMin: {x: 0.5, y: 0.5}
  m_AnchorMax: {x: 0.5, y: 0.5}
  m_AnchoredPosition: {x: -43.2, y: 0.000023127}
  m_SizeDelta: {x: 139.21, y: 91.86}
  m_Pivot: {x: 0.5, y: 0.5}
--- !u!114 &1577749885
MonoBehaviour:
  m_ObjectHideFlags: 0
  m_CorrespondingSourceObject: {fileID: 0}
  m_PrefabInstance: {fileID: 0}
  m_PrefabAsset: {fileID: 0}
  m_GameObject: {fileID: 1577749883}
  m_Enabled: 1
  m_EditorHideFlags: 0
  m_Script: {fileID: 11500000, guid: 5f7201a12d95ffc409449d95f23cf332, type: 3}
  m_Name: 
  m_EditorClassIdentifier: 
  m_Material: {fileID: 0}
  m_Color: {r: 0.19607843, g: 0.19607843, b: 0.19607843, a: 1}
  m_RaycastTarget: 1
  m_OnCullStateChanged:
    m_PersistentCalls:
      m_Calls: []
    m_TypeName: UnityEngine.UI.MaskableGraphic+CullStateChangedEvent, UnityEngine.UI,
      Version=1.0.0.0, Culture=neutral, PublicKeyToken=null
  m_FontData:
    m_Font: {fileID: 10102, guid: 0000000000000000e000000000000000, type: 0}
    m_FontSize: 14
    m_FontStyle: 0
    m_BestFit: 1
    m_MinSize: 10
    m_MaxSize: 40
    m_Alignment: 4
    m_AlignByGeometry: 0
    m_RichText: 1
    m_HorizontalOverflow: 0
    m_VerticalOverflow: 0
    m_LineSpacing: 1
  m_Text: 'Score: '
--- !u!222 &1577749886
CanvasRenderer:
  m_ObjectHideFlags: 0
  m_CorrespondingSourceObject: {fileID: 0}
  m_PrefabInstance: {fileID: 0}
  m_PrefabAsset: {fileID: 0}
  m_GameObject: {fileID: 1577749883}
  m_CullTransparentMesh: 0
--- !u!1 &1675290649
GameObject:
  m_ObjectHideFlags: 0
  m_CorrespondingSourceObject: {fileID: 0}
  m_PrefabInstance: {fileID: 0}
  m_PrefabAsset: {fileID: 0}
  serializedVersion: 6
  m_Component:
  - component: {fileID: 1675290655}
  - component: {fileID: 1675290654}
  - component: {fileID: 1675290653}
  - component: {fileID: 1675290651}
  - component: {fileID: 1675290650}
  m_Layer: 0
  m_Name: Plane
  m_TagString: Untagged
  m_Icon: {fileID: 0}
  m_NavMeshLayer: 0
  m_StaticEditorFlags: 0
  m_IsActive: 1
--- !u!114 &1675290650
MonoBehaviour:
  m_ObjectHideFlags: 0
  m_CorrespondingSourceObject: {fileID: 0}
  m_PrefabInstance: {fileID: 0}
  m_PrefabAsset: {fileID: 0}
  m_GameObject: {fileID: 1675290649}
  m_Enabled: 1
  m_EditorHideFlags: 0
  m_Script: {fileID: 11500000, guid: b5826b8bdba7d27498ea05176f931bab, type: 3}
  m_Name: 
  m_EditorClassIdentifier: 
--- !u!65 &1675290651
BoxCollider:
  m_ObjectHideFlags: 0
  m_CorrespondingSourceObject: {fileID: 0}
  m_PrefabInstance: {fileID: 0}
  m_PrefabAsset: {fileID: 0}
  m_GameObject: {fileID: 1675290649}
  m_Material: {fileID: 0}
  m_IsTrigger: 1
  m_Enabled: 1
  serializedVersion: 2
  m_Size: {x: 10, y: 2.220446e-16, z: 10}
  m_Center: {x: 0, y: 0, z: 0}
--- !u!23 &1675290653
MeshRenderer:
  m_ObjectHideFlags: 0
  m_CorrespondingSourceObject: {fileID: 0}
  m_PrefabInstance: {fileID: 0}
  m_PrefabAsset: {fileID: 0}
  m_GameObject: {fileID: 1675290649}
  m_Enabled: 0
  m_CastShadows: 1
  m_ReceiveShadows: 1
  m_DynamicOccludee: 1
  m_MotionVectors: 1
  m_LightProbeUsage: 1
  m_ReflectionProbeUsage: 1
  m_RenderingLayerMask: 1
  m_RendererPriority: 0
  m_Materials:
  - {fileID: 10303, guid: 0000000000000000f000000000000000, type: 0}
  m_StaticBatchInfo:
    firstSubMesh: 0
    subMeshCount: 0
  m_StaticBatchRoot: {fileID: 0}
  m_ProbeAnchor: {fileID: 0}
  m_LightProbeVolumeOverride: {fileID: 0}
  m_ScaleInLightmap: 1
  m_ReceiveGI: 1
  m_PreserveUVs: 0
  m_IgnoreNormalsForChartDetection: 0
  m_ImportantGI: 0
  m_StitchLightmapSeams: 1
  m_SelectedEditorRenderState: 3
  m_MinimumChartSize: 4
  m_AutoUVMaxDistance: 0.5
  m_AutoUVMaxAngle: 89
  m_LightmapParameters: {fileID: 0}
  m_SortingLayerID: 0
  m_SortingLayer: 0
  m_SortingOrder: 0
--- !u!33 &1675290654
MeshFilter:
  m_ObjectHideFlags: 0
  m_CorrespondingSourceObject: {fileID: 0}
  m_PrefabInstance: {fileID: 0}
  m_PrefabAsset: {fileID: 0}
  m_GameObject: {fileID: 1675290649}
  m_Mesh: {fileID: 10209, guid: 0000000000000000e000000000000000, type: 0}
--- !u!4 &1675290655
Transform:
  m_ObjectHideFlags: 0
  m_CorrespondingSourceObject: {fileID: 0}
  m_PrefabInstance: {fileID: 0}
  m_PrefabAsset: {fileID: 0}
  m_GameObject: {fileID: 1675290649}
  m_LocalRotation: {x: 0, y: 0, z: 0, w: 1}
  m_LocalPosition: {x: 0, y: -10, z: 0}
  m_LocalScale: {x: 20.170052, y: 20.170052, z: 20.170052}
  m_Children: []
  m_Father: {fileID: 0}
  m_RootOrder: 3
  m_LocalEulerAnglesHint: {x: 0, y: 0, z: 0}
--- !u!4 &1781491448 stripped
Transform:
  m_CorrespondingSourceObject: {fileID: 4303844821561524, guid: 312b31977ed9b2d48a14849ebb8c7fb3,
    type: 3}
  m_PrefabInstance: {fileID: 908596061}
  m_PrefabAsset: {fileID: 0}
--- !u!1001 &2010970443
PrefabInstance:
  m_ObjectHideFlags: 0
  serializedVersion: 2
  m_Modification:
    m_TransformParent: {fileID: 0}
    m_Modifications:
    - target: {fileID: 1163964642181296, guid: a1ead2876e131734db42f3a55567fe0a, type: 3}
      propertyPath: m_Name
      value: Ground
      objectReference: {fileID: 0}
    - target: {fileID: 1163964642181296, guid: a1ead2876e131734db42f3a55567fe0a, type: 3}
      propertyPath: m_IsActive
      value: 1
      objectReference: {fileID: 0}
    - target: {fileID: 4684927947678896, guid: a1ead2876e131734db42f3a55567fe0a, type: 3}
      propertyPath: m_LocalPosition.x
      value: 3.59
      objectReference: {fileID: 0}
    - target: {fileID: 4684927947678896, guid: a1ead2876e131734db42f3a55567fe0a, type: 3}
      propertyPath: m_LocalPosition.y
      value: -0.16499996
      objectReference: {fileID: 0}
    - target: {fileID: 4684927947678896, guid: a1ead2876e131734db42f3a55567fe0a, type: 3}
      propertyPath: m_LocalPosition.z
      value: -2.19
      objectReference: {fileID: 0}
    - target: {fileID: 4684927947678896, guid: a1ead2876e131734db42f3a55567fe0a, type: 3}
      propertyPath: m_LocalRotation.x
      value: -0
      objectReference: {fileID: 0}
    - target: {fileID: 4684927947678896, guid: a1ead2876e131734db42f3a55567fe0a, type: 3}
      propertyPath: m_LocalRotation.y
      value: -0
      objectReference: {fileID: 0}
    - target: {fileID: 4684927947678896, guid: a1ead2876e131734db42f3a55567fe0a, type: 3}
      propertyPath: m_LocalRotation.z
      value: -0
      objectReference: {fileID: 0}
    - target: {fileID: 4684927947678896, guid: a1ead2876e131734db42f3a55567fe0a, type: 3}
      propertyPath: m_LocalRotation.w
      value: 1
      objectReference: {fileID: 0}
    - target: {fileID: 4684927947678896, guid: a1ead2876e131734db42f3a55567fe0a, type: 3}
      propertyPath: m_RootOrder
      value: 1
      objectReference: {fileID: 0}
    - target: {fileID: 4684927947678896, guid: a1ead2876e131734db42f3a55567fe0a, type: 3}
      propertyPath: m_LocalEulerAnglesHint.x
      value: 0
      objectReference: {fileID: 0}
    - target: {fileID: 4684927947678896, guid: a1ead2876e131734db42f3a55567fe0a, type: 3}
      propertyPath: m_LocalEulerAnglesHint.y
      value: 0
      objectReference: {fileID: 0}
    - target: {fileID: 4684927947678896, guid: a1ead2876e131734db42f3a55567fe0a, type: 3}
      propertyPath: m_LocalEulerAnglesHint.z
      value: 0
      objectReference: {fileID: 0}
    m_RemovedComponents: []
  m_SourcePrefab: {fileID: 100100000, guid: a1ead2876e131734db42f3a55567fe0a, type: 3}
--- !u!1001 &2031359342
PrefabInstance:
  m_ObjectHideFlags: 0
  serializedVersion: 2
  m_Modification:
    m_TransformParent: {fileID: 130413662}
    m_Modifications:
    - target: {fileID: 1311290861401530, guid: 312b31977ed9b2d48a14849ebb8c7fb3, type: 3}
      propertyPath: m_Name
      value: Toon Chicken (1)
      objectReference: {fileID: 0}
    - target: {fileID: 1311290861401530, guid: 312b31977ed9b2d48a14849ebb8c7fb3, type: 3}
      propertyPath: m_TagString
      value: Untagged
      objectReference: {fileID: 0}
    - target: {fileID: 4303844821561524, guid: 312b31977ed9b2d48a14849ebb8c7fb3, type: 3}
      propertyPath: m_LocalPosition.x
      value: -407.1665
      objectReference: {fileID: 0}
    - target: {fileID: 4303844821561524, guid: 312b31977ed9b2d48a14849ebb8c7fb3, type: 3}
      propertyPath: m_LocalPosition.y
      value: -2026.752
      objectReference: {fileID: 0}
    - target: {fileID: 4303844821561524, guid: 312b31977ed9b2d48a14849ebb8c7fb3, type: 3}
      propertyPath: m_LocalPosition.z
      value: -2840.4172
      objectReference: {fileID: 0}
    - target: {fileID: 4303844821561524, guid: 312b31977ed9b2d48a14849ebb8c7fb3, type: 3}
      propertyPath: m_LocalRotation.x
      value: -0
      objectReference: {fileID: 0}
    - target: {fileID: 4303844821561524, guid: 312b31977ed9b2d48a14849ebb8c7fb3, type: 3}
      propertyPath: m_LocalRotation.y
      value: -0
      objectReference: {fileID: 0}
    - target: {fileID: 4303844821561524, guid: 312b31977ed9b2d48a14849ebb8c7fb3, type: 3}
      propertyPath: m_LocalRotation.z
      value: -0
      objectReference: {fileID: 0}
    - target: {fileID: 4303844821561524, guid: 312b31977ed9b2d48a14849ebb8c7fb3, type: 3}
      propertyPath: m_LocalRotation.w
      value: 1
      objectReference: {fileID: 0}
    - target: {fileID: 4303844821561524, guid: 312b31977ed9b2d48a14849ebb8c7fb3, type: 3}
      propertyPath: m_RootOrder
      value: 2
      objectReference: {fileID: 0}
    - target: {fileID: 4303844821561524, guid: 312b31977ed9b2d48a14849ebb8c7fb3, type: 3}
      propertyPath: m_LocalEulerAnglesHint.x
      value: 0
      objectReference: {fileID: 0}
    - target: {fileID: 4303844821561524, guid: 312b31977ed9b2d48a14849ebb8c7fb3, type: 3}
      propertyPath: m_LocalEulerAnglesHint.y
      value: 0
      objectReference: {fileID: 0}
    - target: {fileID: 4303844821561524, guid: 312b31977ed9b2d48a14849ebb8c7fb3, type: 3}
      propertyPath: m_LocalEulerAnglesHint.z
      value: 0
      objectReference: {fileID: 0}
    - target: {fileID: 4303844821561524, guid: 312b31977ed9b2d48a14849ebb8c7fb3, type: 3}
      propertyPath: m_LocalScale.x
      value: 5000
      objectReference: {fileID: 0}
    - target: {fileID: 4303844821561524, guid: 312b31977ed9b2d48a14849ebb8c7fb3, type: 3}
      propertyPath: m_LocalScale.y
      value: 5000
      objectReference: {fileID: 0}
    - target: {fileID: 4303844821561524, guid: 312b31977ed9b2d48a14849ebb8c7fb3, type: 3}
      propertyPath: m_LocalScale.z
      value: 5000
      objectReference: {fileID: 0}
    - target: {fileID: 761484689, guid: 312b31977ed9b2d48a14849ebb8c7fb3, type: 3}
      propertyPath: m_UseGravity
      value: 0
      objectReference: {fileID: 0}
    - target: {fileID: 4410910982438300, guid: 312b31977ed9b2d48a14849ebb8c7fb3, type: 3}
      propertyPath: m_LocalPosition.y
      value: -0.038
      objectReference: {fileID: 0}
    - target: {fileID: 963194225, guid: 312b31977ed9b2d48a14849ebb8c7fb3, type: 3}
      propertyPath: m_IsActive
      value: 0
      objectReference: {fileID: 0}
    - target: {fileID: 963194226, guid: 312b31977ed9b2d48a14849ebb8c7fb3, type: 3}
      propertyPath: m_Enabled
      value: 1
      objectReference: {fileID: 0}
    m_RemovedComponents:
    - {fileID: 983973117471200005, guid: 312b31977ed9b2d48a14849ebb8c7fb3, type: 3}
    - {fileID: 761484691, guid: 312b31977ed9b2d48a14849ebb8c7fb3, type: 3}
    - {fileID: 761484692, guid: 312b31977ed9b2d48a14849ebb8c7fb3, type: 3}
  m_SourcePrefab: {fileID: 100100000, guid: 312b31977ed9b2d48a14849ebb8c7fb3, type: 3}
--- !u!4 &2138095654 stripped
Transform:
  m_CorrespondingSourceObject: {fileID: 4806926053449198, guid: d3f3d3387da467d4a843b9f7ac654a4a,
    type: 3}
  m_PrefabInstance: {fileID: 271926288}
  m_PrefabAsset: {fileID: 0}
